timestamp;buyer;seller;symbol;currency;price;quantity
600;SUBMISSION;BOT_TAKER;EMERALDS;XIRECS;9993.0;5
900;SUBMISSION;BOT_TAKER;TOMATOES;XIRECS;5000.0;4
6200;BOT_TAKER;BOT_MAKER;TOMATOES;XIRECS;5017.0;4
9900;SUBMISSION;BOT_TAKER;EMERALDS;XIRECS;9993.0;7
10500;BOT_MAKER;BOT_TAKER;TOMATOES;XIRECS;5005.0;4
11000;SUBMISSION;BOT_TAKER;EMERALDS;XIRECS;9993.0;5
12000;SUBMISSION;BOT_TAKER;TOMATOES;XIRECS;5004.0;3
12500;BOT_MAKER;BOT_TAKER;TOMATOES;XIRECS;5004.0;5
12600;BOT_TAKER;BOT_MAKER;TOMATOES;XIRECS;5017.0;3
21300;SUBMISSION;BOT;TOMATOES;XIRECS;4993.0;6
21600;BOT_TAKER;SUBMISSION;EMERALDS;XIRECS;10007.0;8
22500;SUBMISSION;BOT;TOMATOES;XIRECS;4991.0;10
23700;BOT_TAKER;SUBMISSION;TOMATOES;XIRECS;4996.0;3
26500;SUBMISSION;BOT;TOMATOES;XIRECS;4982.0;5
26700;SUBMISSION;BOT_TAKER;EMERALDS;XIRECS;9993.0;5
27300;BOT_TAKER;SUBMISSION;TOMATOES;XIRECS;4988.0;3
28700;BOT_TAKER;SUBMISSION;EMERALDS;XIRECS;10007.0;3
29500;BOT_MAKER;BOT_TAKER;TOMATOES;XIRECS;4976.0;5
29700;BOT_TAKER;SUBMISSION;EMERALDS;XIRECS;10007.0;8
30500;BOT_TAKER;SUBMISSION;TOMATOES;XIRECS;4987.0;3
31700;BOT_TAKER;BOT_MAKER;TOMATOES;XIRECS;4985.0;2
34600;BOT_TAKER;BOT_MAKER;TOMATOES;XIRECS;4985.0;2
36900;BOT_TAKER;BOT_MAKER;TOMATOES;XIRECS;4983.0;5
39000;BOT_TAKER;BOT_MAKER;TOMATOES;XIRECS;4980.0;5
40600;SUBMISSION;BOT;TOMATOES;XIRECS;4973.0;10
41100;BOT_MAKER;BOT_TAKER;TOMATOES;XIRECS;4967.0;5
42800;SUBMISSION;BOT;TOMATOES;XIRECS;4972.0;8
42900;BOT_MAKER;BOT_TAKER;TOMATOES;XIRECS;4967.0;4
46500;BOT_TAKER;SUBMISSION;EMERALDS;XIRECS;10007.0;8
47700;BOT_MAKER;BOT_TAKER;TOMATOES;XIRECS;4967.0;5
49400;BOT;SUBMISSION;TOMATOES;XIRECS;4973.0;8
49500;BOT_TAKER;SUBMISSION;TOMATOES;XIRECS;4977.0;3
54200;BOT_TAKER;BOT_MAKER;TOMATOES;XIRECS;4979.0;4
60200;BOT_TAKER;SUBMISSION;EMERALDS;XIRECS;10007.0;3
63500;BOT_TAKER;BOT_MAKER;TOMATOES;XIRECS;4983.0;2
63900;BOT_MAKER;BOT_TAKER;TOMATOES;XIRECS;4969.0;3
67300;SUBMISSION;BOT;TOMATOES;XIRECS;4974.0;8
67800;BOT_MAKER;BOT_TAKER;TOMATOES;XIRECS;4969.0;2
68300;BOT_MAKER;BOT_TAKER;TOMATOES;XIRECS;4969.0;5
68900;BOT_TAKER;SUBMISSION;EMERALDS;XIRECS;10007.0;5
74100;BOT_MAKER;BOT_TAKER;TOMATOES;XIRECS;4970.0;4
74400;BOT_TAKER;BOT_MAKER;TOMATOES;XIRECS;4983.0;5
75800;BOT_TAKER;SUBMISSION;EMERALDS;XIRECS;10007.0;3
80700;BOT_TAKER;BOT_MAKER;TOMATOES;XIRECS;4983.0;5
83300;BOT_MAKER;BOT_TAKER;TOMATOES;XIRECS;4969.0;4
83700;SUBMISSION;BOT_TAKER;EMERALDS;XIRECS;9993.0;6
84800;BOT_MAKER;BOT_TAKER;TOMATOES;XIRECS;4970.0;2
84900;BOT_TAKER;SUBMISSION;EMERALDS;XIRECS;10007.0;5
85200;SUBMISSION;BOT_TAKER;EMERALDS;XIRECS;9993.0;7
85900;BOT_TAKER;BOT_MAKER;TOMATOES;XIRECS;4981.0;2
88600;BOT_TAKER;SUBMISSION;TOMATOES;XIRECS;4979.0;2
89300;SUBMISSION;BOT_TAKER;EMERALDS;XIRECS;9993.0;6
89400;SUBMISSION;BOT;TOMATOES;XIRECS;4972.0;6
90000;BOT_MAKER;BOT_TAKER;TOMATOES;XIRECS;4968.0;3
92600;BOT_MAKER;BOT_TAKER;TOMATOES;XIRECS;4968.0;4
96200;BOT_MAKER;BOT_TAKER;TOMATOES;XIRECS;4972.0;5
96900;BOT_TAKER;BOT_MAKER;TOMATOES;XIRECS;4984.0;5
99800;BOT_TAKER;SUBMISSION;EMERALDS;XIRECS;10007.0;7
100200;BOT_MAKER;BOT_TAKER;TOMATOES;XIRECS;4970.0;3
101700;BOT_TAKER;BOT_MAKER;TOMATOES;XIRECS;4981.0;2
105200;BOT_MAKER;BOT_TAKER;TOMATOES;XIRECS;4964.0;2
105900;BOT_MAKER;BOT_TAKER;TOMATOES;XIRECS;4966.0;5
106000;BOT_TAKER;SUBMISSION;EMERALDS;XIRECS;10007.0;4
106400;BOT_TAKER;SUBMISSION;TOMATOES;XIRECS;4977.0;3
107900;BOT_TAKER;SUBMISSION;EMERALDS;XIRECS;10007.0;8
115300;SUBMISSION;BOT_TAKER;EMERALDS;XIRECS;9993.0;6
116200;BOT_MAKER;BOT_TAKER;TOMATOES;XIRECS;4961.0;3
117600;BOT_TAKER;SUBMISSION;TOMATOES;XIRECS;4970.0;3
118700;SUBMISSION;BOT_TAKER;EMERALDS;XIRECS;9993.0;4
119500;BOT_TAKER;BOT_MAKER;TOMATOES;XIRECS;4977.0;2
120600;BOT_MAKER;BOT_TAKER;TOMATOES;XIRECS;4964.0;3
120800;BOT_TAKER;SUBMISSION;TOMATOES;XIRECS;4975.0;3
129700;BOT_TAKER;SUBMISSION;EMERALDS;XIRECS;10007.0;8
131300;SUBMISSION;BOT_TAKER;EMERALDS;XIRECS;9993.0;4
133200;BOT_MAKER;BOT_TAKER;TOMATOES;XIRECS;4957.0;5
134600;BOT_TAKER;SUBMISSION;EMERALDS;XIRECS;10007.0;6
136000;BOT_MAKER;BOT_TAKER;TOMATOES;XIRECS;4958.0;3
138500;BOT_MAKER;BOT_TAKER;TOMATOES;XIRECS;4959.0;4
138700;BOT_MAKER;BOT_TAKER;TOMATOES;XIRECS;4960.0;2
142000;BOT_MAKER;BOT_TAKER;TOMATOES;XIRECS;4962.0;2
144200;BOT_MAKER;BOT_TAKER;TOMATOES;XIRECS;4962.0;3
144600;BOT_MAKER;BOT_TAKER;TOMATOES;XIRECS;4962.0;5
146800;BOT_MAKER;BOT_TAKER;TOMATOES;XIRECS;4963.0;4
147100;BOT_MAKER;BOT_TAKER;TOMATOES;XIRECS;4963.0;3
151000;SUBMISSION;BOT_TAKER;EMERALDS;XIRECS;9993.0;6
152200;BOT_MAKER;BOT_TAKER;TOMATOES;XIRECS;4963.0;3
153100;BOT_MAKER;BOT_TAKER;TOMATOES;XIRECS;4965.0;4
153200;BOT_TAKER;BOT_MAKER;TOMATOES;XIRECS;4977.0;5
154100;BOT_MAKER;BOT_TAKER;TOMATOES;XIRECS;4969.0;5
154300;BOT_MAKER;BOT_TAKER;TOMATOES;XIRECS;4968.0;2
159100;BOT_MAKER;BOT_TAKER;TOMATOES;XIRECS;4964.0;3
160100;BOT_TAKER;SUBMISSION;TOMATOES;XIRECS;4975.0;2
160300;BOT;SUBMISSION;TOMATOES;XIRECS;4972.0;10
161000;BOT_TAKER;SUBMISSION;EMERALDS;XIRECS;10007.0;6
163900;SUBMISSION;BOT;TOMATOES;XIRECS;4973.0;3
164900;BOT_TAKER;BOT_MAKER;TOMATOES;XIRECS;4980.0;4
166000;BOT_TAKER;BOT_MAKER;TOMATOES;XIRECS;4979.0;2
169700;BOT_MAKER;BOT_TAKER;TOMATOES;XIRECS;4962.0;2
170500;BOT_MAKER;BOT_TAKER;TOMATOES;XIRECS;4961.0;3
171600;BOT_TAKER;BOT_MAKER;TOMATOES;XIRECS;4976.0;2
172500;SUBMISSION;BOT_TAKER;EMERALDS;XIRECS;9993.0;7
174100;BOT_TAKER;SUBMISSION;TOMATOES;XIRECS;4968.0;4
174900;BOT_TAKER;SUBMISSION;TOMATOES;XIRECS;4966.0;3
175000;BOT_TAKER;BOT_MAKER;TOMATOES;XIRECS;4968.0;4
175300;SUBMISSION;BOT;TOMATOES;XIRECS;4960.0;12
176700;BOT_TAKER;SUBMISSION;TOMATOES;XIRECS;4964.0;5
177700;BOT_TAKER;SUBMISSION;TOMATOES;XIRECS;4961.0;3
181000;BOT_TAKER;SUBMISSION;EMERALDS;XIRECS;10007.0;6
182300;BOT_TAKER;BOT_MAKER;TOMATOES;XIRECS;4960.0;2
182800;BOT_MAKER;BOT_TAKER;TOMATOES;XIRECS;4947.0;3
182900;BOT_MAKER;BOT_TAKER;TOMATOES;XIRECS;4947.0;4
184100;BOT_TAKER;BOT_MAKER;TOMATOES;XIRECS;4962.0;4
184800;BOT_MAKER;BOT_TAKER;TOMATOES;XIRECS;4947.0;5
185600;SUBMISSION;BOT_TAKER;EMERALDS;XIRECS;9993.0;5
185600;BOT_TAKER;SUBMISSION;TOMATOES;XIRECS;4959.0;5
187000;BOT_TAKER;BOT_MAKER;TOMATOES;XIRECS;4960.0;5
188400;BOT_MAKER;BOT_TAKER;TOMATOES;XIRECS;4946.0;2
189800;BOT_TAKER;BOT_MAKER;TOMATOES;XIRECS;4958.0;2
190400;BOT_MAKER;BOT_TAKER;TOMATOES;XIRECS;4946.0;2
190900;BOT_MAKER;BOT_TAKER;TOMATOES;XIRECS;4945.0;4
191300;SUBMISSION;BOT_TAKER;EMERALDS;XIRECS;9993.0;4
192300;BOT_MAKER;BOT_TAKER;TOMATOES;XIRECS;4944.0;5
196300;BOT_TAKER;SUBMISSION;EMERALDS;XIRECS;10007.0;7
196700;SUBMISSION;BOT_TAKER;EMERALDS;XIRECS;9993.0;8
197800;SUBMISSION;BOT_TAKER;EMERALDS;XIRECS;9993.0;8
198700;SUBMISSION;BOT_TAKER;EMERALDS;XIRECS;9993.0;8
205300;BOT_TAKER;SUBMISSION;TOMATOES;XIRECS;4957.0;3
205400;BOT_MAKER;BOT_TAKER;TOMATOES;XIRECS;4945.0;4
205600;BOT_MAKER;BOT_TAKER;TOMATOES;XIRECS;4944.0;3
206700;BOT_TAKER;SUBMISSION;EMERALDS;XIRECS;10007.0;6
207300;BOT_TAKER;SUBMISSION;EMERALDS;XIRECS;10007.0;5
208600;BOT_TAKER;BOT_MAKER;TOMATOES;XIRECS;4958.0;3
209400;SUBMISSION;BOT;TOMATOES;XIRECS;4947.0;10
210100;BOT_TAKER;SUBMISSION;EMERALDS;XIRECS;10007.0;6
210200;BOT_MAKER;BOT_TAKER;TOMATOES;XIRECS;4944.0;3
210500;BOT_MAKER;BOT_TAKER;TOMATOES;XIRECS;4944.0;5
211500;BOT_MAKER;BOT_TAKER;TOMATOES;XIRECS;4944.0;2
212200;BOT_TAKER;SUBMISSION;TOMATOES;XIRECS;4956.0;4
215300;SUBMISSION;BOT_TAKER;EMERALDS;XIRECS;9993.0;8
216200;BOT_MAKER;BOT_TAKER;TOMATOES;XIRECS;4942.0;3
216600;SUBMISSION;BOT_TAKER;EMERALDS;XIRECS;9993.0;7
219400;BOT;SUBMISSION;TOMATOES;XIRECS;4952.0;5
220500;BOT_TAKER;BOT_MAKER;TOMATOES;XIRECS;4956.0;5
221900;BOT_MAKER;BOT_TAKER;TOMATOES;XIRECS;4946.0;3
223100;BOT_MAKER;BOT_TAKER;TOMATOES;XIRECS;4947.0;4
224000;BOT_MAKER;BOT_TAKER;TOMATOES;XIRECS;4947.0;2
225600;BOT_TAKER;BOT_MAKER;TOMATOES;XIRECS;4958.0;4
225700;BOT_TAKER;BOT_MAKER;TOMATOES;XIRECS;4957.0;5
226500;SUBMISSION;BOT;TOMATOES;XIRECS;4948.0;12
227700;BOT_MAKER;BOT_TAKER;TOMATOES;XIRECS;4941.0;3
228700;BOT_MAKER;BOT_TAKER;TOMATOES;XIRECS;4942.0;3
228800;BOT_TAKER;SUBMISSION;TOMATOES;XIRECS;4953.0;2
229400;SUBMISSION;BOT_TAKER;EMERALDS;XIRECS;9993.0;5
230300;BOT_MAKER;BOT_TAKER;TOMATOES;XIRECS;4941.0;4
235000;BOT_MAKER;BOT_TAKER;TOMATOES;XIRECS;4936.0;5
235900;SUBMISSION;BOT;TOMATOES;XIRECS;4942.0;11
236100;BOT_MAKER;BOT_TAKER;TOMATOES;XIRECS;4938.0;2
237300;BOT_MAKER;BOT_TAKER;TOMATOES;XIRECS;4936.0;2
240300;BOT_MAKER;BOT_TAKER;TOMATOES;XIRECS;4935.0;3
240700;BOT_MAKER;BOT_TAKER;TOMATOES;XIRECS;4934.0;2
242000;BOT_MAKER;BOT_TAKER;TOMATOES;XIRECS;4933.0;4
242400;BOT_TAKER;BOT_MAKER;TOMATOES;XIRECS;4946.0;3
245100;SUBMISSION;BOT;TOMATOES;XIRECS;4939.0;6
245600;BOT_MAKER;BOT_TAKER;TOMATOES;XIRECS;4934.0;3
246600;BOT_TAKER;SUBMISSION;TOMATOES;XIRECS;4943.0;2
247800;SUBMISSION;BOT;TOMATOES;XIRECS;4939.0;11
251000;BOT_MAKER;BOT_TAKER;TOMATOES;XIRECS;4932.0;2
252500;BOT_TAKER;SUBMISSION;EMERALDS;XIRECS;10007.0;3
252600;SUBMISSION;BOT;TOMATOES;XIRECS;4938.0;9
256600;BOT_TAKER;BOT_MAKER;TOMATOES;XIRECS;4943.0;5
259000;BOT_MAKER;BOT_TAKER;TOMATOES;XIRECS;4936.0;4
262800;SUBMISSION;BOT;TOMATOES;XIRECS;4941.0;4
265700;SUBMISSION;BOT_TAKER;EMERALDS;XIRECS;9993.0;3
266400;BOT_TAKER;SUBMISSION;TOMATOES;XIRECS;4945.0;4
269400;SUBMISSION;BOT_TAKER;EMERALDS;XIRECS;9993.0;6
271100;BOT_MAKER;BOT_TAKER;TOMATOES;XIRECS;4934.0;2
271400;SUBMISSION;BOT_TAKER;EMERALDS;XIRECS;9993.0;6
272000;BOT_MAKER;BOT_TAKER;TOMATOES;XIRECS;4936.0;5
272100;BOT_TAKER;SUBMISSION;TOMATOES;XIRECS;4946.0;5
273900;BOT_TAKER;SUBMISSION;TOMATOES;XIRECS;4946.0;2
276800;BOT_TAKER;BOT_MAKER;TOMATOES;XIRECS;4948.0;2
277100;BOT_MAKER;BOT_TAKER;TOMATOES;XIRECS;4936.0;2
277800;BOT_TAKER;SUBMISSION;TOMATOES;XIRECS;4945.0;5
278100;BOT_TAKER;SUBMISSION;TOMATOES;XIRECS;4944.0;2
278300;BOT_TAKER;SUBMISSION;TOMATOES;XIRECS;4944.0;5
279800;BOT_MAKER;BOT_TAKER;TOMATOES;XIRECS;4935.0;4
282200;BOT_TAKER;BOT_MAKER;TOMATOES;XIRECS;4947.0;4
282300;BOT_TAKER;SUBMISSION;TOMATOES;XIRECS;4945.0;2
283900;SUBMISSION;BOT_TAKER;EMERALDS;XIRECS;9993.0;7
284200;BOT_MAKER;BOT_TAKER;TOMATOES;XIRECS;4937.0;4
284800;SUBMISSION;BOT_TAKER;EMERALDS;XIRECS;9993.0;4
285000;BOT_TAKER;SUBMISSION;EMERALDS;XIRECS;10007.0;8
285700;BOT_MAKER;BOT_TAKER;TOMATOES;XIRECS;4940.0;5
286000;SUBMISSION;BOT_TAKER;EMERALDS;XIRECS;9993.0;5
286600;BOT_MAKER;BOT_TAKER;TOMATOES;XIRECS;4939.0;2
287000;BOT_TAKER;SUBMISSION;TOMATOES;XIRECS;4950.0;5
290100;BOT_TAKER;BOT_MAKER;TOMATOES;XIRECS;4952.0;4
292000;SUBMISSION;BOT_TAKER;EMERALDS;XIRECS;9993.0;4
292200;SUBMISSION;BOT_TAKER;EMERALDS;XIRECS;9993.0;7
293700;BOT_TAKER;SUBMISSION;TOMATOES;XIRECS;4950.0;2
294700;BOT_TAKER;BOT_MAKER;TOMATOES;XIRECS;4950.0;3
294900;SUBMISSION;BOT_TAKER;EMERALDS;XIRECS;9993.0;6
296100;SUBMISSION;BOT;TOMATOES;XIRECS;4940.0;9
298900;BOT_MAKER;BOT_TAKER;TOMATOES;XIRECS;4933.0;4
299200;BOT_TAKER;BOT_MAKER;TOMATOES;XIRECS;4946.0;3
306000;BOT_MAKER;BOT_TAKER;TOMATOES;XIRECS;4930.0;3
307200;BOT_TAKER;SUBMISSION;EMERALDS;XIRECS;10007.0;6
308800;BOT_MAKER;BOT_TAKER;TOMATOES;XIRECS;4932.0;2
310500;BOT_MAKER;BOT_TAKER;TOMATOES;XIRECS;4934.0;2
311000;BOT_TAKER;BOT_MAKER;TOMATOES;XIRECS;4947.0;2
311800;BOT_MAKER;BOT_TAKER;TOMATOES;XIRECS;4932.0;5
312900;SUBMISSION;BOT_TAKER;EMERALDS;XIRECS;9993.0;6
313500;BOT_TAKER;SUBMISSION;TOMATOES;XIRECS;4939.0;3
314100;BOT_MAKER;BOT_TAKER;TOMATOES;XIRECS;4929.0;3
314300;BOT_MAKER;BOT_TAKER;TOMATOES;XIRECS;4929.0;4
316200;BOT_TAKER;SUBMISSION;EMERALDS;XIRECS;10007.0;6
316700;BOT_TAKER;SUBMISSION;TOMATOES;XIRECS;4937.0;4
317400;BOT_TAKER;SUBMISSION;TOMATOES;XIRECS;4938.0;5
318700;SUBMISSION;BOT_TAKER;EMERALDS;XIRECS;9993.0;3
318800;SUBMISSION;BOT_TAKER;EMERALDS;XIRECS;9993.0;7
320700;BOT_MAKER;BOT_TAKER;TOMATOES;XIRECS;4924.0;4
321200;SUBMISSION;BOT_TAKER;TOMATOES;XIRECS;4925.0;4
321800;BOT_TAKER;BOT_MAKER;TOMATOES;XIRECS;4937.0;2
322900;BOT_TAKER;BOT_MAKER;TOMATOES;XIRECS;4938.0;4
323400;SUBMISSION;BOT_TAKER;EMERALDS;XIRECS;9993.0;7
326500;SUBMISSION;BOT_TAKER;EMERALDS;XIRECS;9993.0;8
327700;BOT_TAKER;SUBMISSION;TOMATOES;XIRECS;4942.0;4
328000;BOT_TAKER;SUBMISSION;EMERALDS;XIRECS;10007.0;7
328200;BOT_MAKER;BOT_TAKER;TOMATOES;XIRECS;4929.0;5
328200;BOT_TAKER;SUBMISSION;TOMATOES;XIRECS;4941.0;3
333900;SUBMISSION;BOT_TAKER;EMERALDS;XIRECS;9993.0;7
336800;BOT;SUBMISSION;TOMATOES;XIRECS;4940.0;11
337200;SUBMISSION;BOT_TAKER;EMERALDS;XIRECS;9993.0;4
339100;BOT_TAKER;BOT_MAKER;TOMATOES;XIRECS;4941.0;4
343900;SUBMISSION;BOT_TAKER;EMERALDS;XIRECS;9993.0;6
346400;BOT_TAKER;BOT_MAKER;TOMATOES;XIRECS;4937.0;5
353500;BOT_MAKER;BOT_TAKER;TOMATOES;XIRECS;4924.0;3
355900;BOT_TAKER;SUBMISSION;EMERALDS;XIRECS;10007.0;4
356300;SUBMISSION;BOT_TAKER;EMERALDS;XIRECS;9993.0;3
358400;BOT_TAKER;BOT_MAKER;TOMATOES;XIRECS;4940.0;4
359200;BOT_TAKER;SUBMISSION;TOMATOES;XIRECS;4942.0;3
360500;BOT_TAKER;BOT_MAKER;TOMATOES;XIRECS;4942.0;3
362500;BOT_TAKER;BOT_MAKER;TOMATOES;XIRECS;4940.0;4
364400;SUBMISSION;BOT_TAKER;TOMATOES;XIRECS;4927.0;5
364500;BOT_TAKER;BOT_MAKER;TOMATOES;XIRECS;4938.0;4
365300;BOT_TAKER;BOT_MAKER;TOMATOES;XIRECS;4939.0;4
374900;BOT_MAKER;BOT_TAKER;TOMATOES;XIRECS;4930.0;5
377800;BOT_MAKER;BOT_TAKER;TOMATOES;XIRECS;4931.0;5
378900;BOT_MAKER;BOT_TAKER;TOMATOES;XIRECS;4929.0;4
379500;BOT_TAKER;SUBMISSION;EMERALDS;XIRECS;10007.0;8
380900;BOT_TAKER;SUBMISSION;TOMATOES;XIRECS;4942.0;3
381000;BOT_TAKER;SUBMISSION;EMERALDS;XIRECS;9999.0;8
382300;SUBMISSION;BOT_TAKER;EMERALDS;XIRECS;9993.0;6
383600;SUBMISSION;BOT_TAKER;EMERALDS;XIRECS;9993.0;5
384800;SUBMISSION;BOT_TAKER;EMERALDS;XIRECS;9993.0;7
386800;BOT_TAKER;BOT_MAKER;TOMATOES;XIRECS;4946.0;5
389300;SUBMISSION;BOT_TAKER;EMERALDS;XIRECS;9993.0;4
389300;BOT_TAKER;BOT_MAKER;TOMATOES;XIRECS;4945.0;2
395800;BOT_MAKER;BOT_TAKER;TOMATOES;XIRECS;4930.0;5
397400;BOT_TAKER;BOT_MAKER;TOMATOES;XIRECS;4941.0;2
402600;BOT_TAKER;BOT_MAKER;TOMATOES;XIRECS;4935.0;4
402700;BOT_TAKER;BOT_MAKER;TOMATOES;XIRECS;4942.0;5
402800;BOT_TAKER;SUBMISSION;TOMATOES;XIRECS;4941.0;3
404400;BOT_MAKER;BOT_TAKER;TOMATOES;XIRECS;4927.0;2
404600;BOT_TAKER;SUBMISSION;TOMATOES;XIRECS;4939.0;3
406000;BOT_MAKER;BOT_TAKER;EMERALDS;XIRECS;9992.0;4
410200;BOT_MAKER;BOT_TAKER;TOMATOES;XIRECS;4928.0;2
411200;BOT_TAKER;SUBMISSION;TOMATOES;XIRECS;4943.0;2
411800;BOT_MAKER;BOT_TAKER;EMERALDS;XIRECS;9992.0;5
411900;BOT_TAKER;BOT_MAKER;TOMATOES;XIRECS;4943.0;4
413200;BOT_MAKER;BOT_TAKER;TOMATOES;XIRECS;4931.0;2
415000;BOT_MAKER;BOT_TAKER;EMERALDS;XIRECS;9992.0;8
415600;BOT_MAKER;BOT_TAKER;TOMATOES;XIRECS;4926.0;2
422900;BOT_TAKER;SUBMISSION;TOMATOES;XIRECS;4941.0;2
423300;BOT_TAKER;SUBMISSION;EMERALDS;XIRECS;10007.0;5
425200;BOT_TAKER;SUBMISSION;EMERALDS;XIRECS;10007.0;4
426100;BOT_TAKER;SUBMISSION;EMERALDS;XIRECS;10007.0;4
426900;SUBMISSION;BOT_TAKER;EMERALDS;XIRECS;9993.0;3
426900;BOT_MAKER;BOT_TAKER;TOMATOES;XIRECS;4924.0;2
430300;BOT_TAKER;SUBMISSION;TOMATOES;XIRECS;4937.0;2
435500;SUBMISSION;BOT_TAKER;EMERALDS;XIRECS;9993.0;3
439700;BOT_MAKER;BOT_TAKER;TOMATOES;XIRECS;4930.0;2
441400;BOT_TAKER;BOT_MAKER;TOMATOES;XIRECS;4945.0;2
442300;BOT_TAKER;SUBMISSION;EMERALDS;XIRECS;10007.0;7
442800;SUBMISSION;BOT_TAKER;EMERALDS;XIRECS;9993.0;5
448500;BOT_TAKER;BOT_MAKER;TOMATOES;XIRECS;4944.0;2
450200;SUBMISSION;BOT_TAKER;TOMATOES;XIRECS;4930.0;3
453700;SUBMISSION;BOT;TOMATOES;XIRECS;4929.0;4
453900;BOT_MAKER;BOT_TAKER;TOMATOES;XIRECS;4924.0;3
454600;BOT_TAKER;SUBMISSION;EMERALDS;XIRECS;10007.0;5
455400;BOT_TAKER;SUBMISSION;TOMATOES;XIRECS;4936.0;5
456300;BOT_MAKER;BOT_TAKER;TOMATOES;XIRECS;4924.0;3
457800;BOT_MAKER;BOT_TAKER;TOMATOES;XIRECS;4921.0;5
458900;SUBMISSION;BOT_TAKER;TOMATOES;XIRECS;4923.0;5
460300;BOT_TAKER;SUBMISSION;EMERALDS;XIRECS;10007.0;6
460800;BOT_TAKER;BOT_MAKER;TOMATOES;XIRECS;4934.0;2
460900;BOT_TAKER;SUBMISSION;EMERALDS;XIRECS;10007.0;5
462500;BOT_TAKER;SUBMISSION;EMERALDS;XIRECS;10007.0;7
462700;SUBMISSION;BOT_TAKER;EMERALDS;XIRECS;9993.0;4
463600;BOT_TAKER;BOT_MAKER;TOMATOES;XIRECS;4935.0;3
463700;SUBMISSION;BOT_TAKER;EMERALDS;XIRECS;9993.0;5
463800;BOT_TAKER;SUBMISSION;TOMATOES;XIRECS;4934.0;3
463900;BOT_MAKER;BOT_TAKER;TOMATOES;XIRECS;4923.0;4
465200;BOT_MAKER;BOT_TAKER;TOMATOES;XIRECS;4921.0;2
466100;BOT_TAKER;BOT_MAKER;TOMATOES;XIRECS;4933.0;3
466300;BOT_TAKER;BOT_MAKER;TOMATOES;XIRECS;4933.0;2
466800;BOT_TAKER;BOT_MAKER;TOMATOES;XIRECS;4933.0;6
467000;SUBMISSION;BOT_TAKER;EMERALDS;XIRECS;9993.0;6
468700;BOT_MAKER;BOT_TAKER;TOMATOES;XIRECS;4921.0;4
469300;BOT_TAKER;SUBMISSION;EMERALDS;XIRECS;10007.0;6
480100;BOT_MAKER;BOT_TAKER;TOMATOES;XIRECS;4926.0;5
481000;BOT_TAKER;BOT_MAKER;TOMATOES;XIRECS;4938.0;3
484600;BOT_TAKER;SUBMISSION;EMERALDS;XIRECS;10007.0;8
485800;BOT_TAKER;SUBMISSION;EMERALDS;XIRECS;10007.0;5
487900;BOT_TAKER;BOT_MAKER;TOMATOES;XIRECS;4939.0;4
490300;BOT_TAKER;BOT_MAKER;TOMATOES;XIRECS;4940.0;5
491700;BOT_MAKER;BOT_TAKER;TOMATOES;XIRECS;4927.0;2
492100;BOT_MAKER;BOT_TAKER;TOMATOES;XIRECS;4928.0;4
493600;BOT_TAKER;BOT_MAKER;TOMATOES;XIRECS;4941.0;5
495400;SUBMISSION;BOT_TAKER;EMERALDS;XIRECS;9993.0;3
498700;BOT_TAKER;BOT_MAKER;TOMATOES;XIRECS;4941.0;3
500400;BOT_TAKER;BOT_MAKER;TOMATOES;XIRECS;4941.0;2
500900;SUBMISSION;BOT_TAKER;EMERALDS;XIRECS;9993.0;7
501100;SUBMISSION;BOT_TAKER;EMERALDS;XIRECS;9993.0;4
501500;BOT_TAKER;SUBMISSION;EMERALDS;XIRECS;10007.0;6
501600;BOT_MAKER;BOT_TAKER;TOMATOES;XIRECS;4928.0;3
504200;BOT_TAKER;SUBMISSION;EMERALDS;XIRECS;10007.0;8
504600;BOT_TAKER;SUBMISSION;TOMATOES;XIRECS;4940.0;2
506800;BOT;SUBMISSION;TOMATOES;XIRECS;4940.0;7
507700;BOT_TAKER;BOT_MAKER;TOMATOES;XIRECS;4942.0;3
507700;BOT_TAKER;BOT_MAKER;TOMATOES;XIRECS;4942.0;2
507700;BOT_TAKER;BOT_MAKER;TOMATOES;XIRECS;4944.0;3
508600;SUBMISSION;BOT_TAKER;TOMATOES;XIRECS;4930.0;2
515900;BOT_TAKER;SUBMISSION;EMERALDS;XIRECS;10007.0;4
519500;SUBMISSION;BOT;TOMATOES;XIRECS;4940.0;11
526200;BOT_TAKER;BOT_MAKER;TOMATOES;XIRECS;4950.0;4
527000;SUBMISSION;BOT_TAKER;TOMATOES;XIRECS;4937.0;2
527200;BOT_TAKER;BOT_MAKER;TOMATOES;XIRECS;4949.0;4
528100;BOT_TAKER;SUBMISSION;EMERALDS;XIRECS;10007.0;7
530500;BOT_TAKER;SUBMISSION;TOMATOES;XIRECS;4954.0;5
531500;SUBMISSION;BOT;TOMATOES;XIRECS;4947.0;5
534200;BOT_TAKER;BOT_MAKER;TOMATOES;XIRECS;4954.0;5
534600;BOT_TAKER;SUBMISSION;EMERALDS;XIRECS;10007.0;3
536400;BOT_TAKER;BOT_MAKER;TOMATOES;XIRECS;4954.0;4
546900;BOT_MAKER;BOT_TAKER;TOMATOES;XIRECS;4948.0;5
547300;BOT_MAKER;BOT_TAKER;TOMATOES;XIRECS;4943.0;3
549200;BOT_TAKER;SUBMISSION;EMERALDS;XIRECS;10007.0;8
550800;SUBMISSION;BOT_TAKER;TOMATOES;XIRECS;4940.0;5
551200;BOT_TAKER;SUBMISSION;EMERALDS;XIRECS;10007.0;8
551500;BOT_TAKER;SUBMISSION;EMERALDS;XIRECS;10007.0;3
552500;BOT_MAKER;BOT_TAKER;TOMATOES;XIRECS;4937.0;5
552900;BOT_TAKER;BOT_MAKER;TOMATOES;XIRECS;4949.0;5
559100;BOT_TAKER;SUBMISSION;TOMATOES;XIRECS;4946.0;4
559200;BOT_TAKER;SUBMISSION;EMERALDS;XIRECS;10007.0;6
561600;BOT_TAKER;SUBMISSION;EMERALDS;XIRECS;10007.0;5
565500;BOT_TAKER;BOT_MAKER;TOMATOES;XIRECS;4955.0;3
567300;BOT_TAKER;SUBMISSION;EMERALDS;XIRECS;10007.0;3
567500;BOT_TAKER;BOT_MAKER;TOMATOES;XIRECS;4956.0;4
568600;BOT_TAKER;BOT_MAKER;TOMATOES;XIRECS;4955.0;4
569700;BOT_TAKER;SUBMISSION;EMERALDS;XIRECS;10007.0;5
570300;BOT_MAKER;BOT_TAKER;TOMATOES;XIRECS;4939.0;4
571100;BOT_TAKER;SUBMISSION;TOMATOES;XIRECS;4955.0;3
572300;SUBMISSION;BOT_TAKER;TOMATOES;XIRECS;4941.0;2
573100;SUBMISSION;BOT;TOMATOES;XIRECS;4943.0;9
574000;BOT_MAKER;BOT_TAKER;TOMATOES;XIRECS;4941.0;4
575500;SUBMISSION;BOT_TAKER;EMERALDS;XIRECS;9993.0;6
575700;BOT_MAKER;BOT_TAKER;TOMATOES;XIRECS;4944.0;5
576000;SUBMISSION;BOT_TAKER;EMERALDS;XIRECS;9993.0;4
579300;BOT_TAKER;SUBMISSION;EMERALDS;XIRECS;10007.0;6
582700;SUBMISSION;BOT_TAKER;TOMATOES;XIRECS;4953.0;5
583000;BOT_MAKER;BOT_TAKER;TOMATOES;XIRECS;4951.0;4
583300;BOT_TAKER;BOT_MAKER;TOMATOES;XIRECS;4965.0;2
588900;BOT_TAKER;BOT_MAKER;TOMATOES;XIRECS;4958.0;2
589800;BOT_MAKER;BOT_TAKER;TOMATOES;XIRECS;4946.0;5
591000;BOT_TAKER;SUBMISSION;TOMATOES;XIRECS;4959.0;4
591700;BOT_TAKER;BOT_MAKER;TOMATOES;XIRECS;4961.0;4
592000;BOT_TAKER;SUBMISSION;EMERALDS;XIRECS;10007.0;3
593000;BOT_MAKER;BOT_TAKER;TOMATOES;XIRECS;4947.0;2
595000;BOT_TAKER;SUBMISSION;EMERALDS;XIRECS;10007.0;4
596700;BOT_TAKER;SUBMISSION;EMERALDS;XIRECS;10007.0;7
602900;BOT_MAKER;BOT_TAKER;TOMATOES;XIRECS;4946.0;5
605200;BOT_MAKER;BOT_TAKER;TOMATOES;XIRECS;4948.0;5
608800;BOT_TAKER;SUBMISSION;TOMATOES;XIRECS;4962.0;4
612300;BOT_MAKER;BOT_TAKER;TOMATOES;XIRECS;4948.0;3
612800;BOT_MAKER;BOT_TAKER;TOMATOES;XIRECS;4947.0;2
615400;BOT_TAKER;SUBMISSION;EMERALDS;XIRECS;10007.0;6
615400;BOT_TAKER;SUBMISSION;TOMATOES;XIRECS;4953.0;2
618500;BOT_MAKER;BOT_TAKER;TOMATOES;XIRECS;4945.0;2
619700;SUBMISSION;BOT_TAKER;EMERALDS;XIRECS;9993.0;3
623000;BOT_MAKER;BOT_TAKER;TOMATOES;XIRECS;4944.0;2
624300;BOT_TAKER;SUBMISSION;TOMATOES;XIRECS;4954.0;3
625100;SUBMISSION;BOT_TAKER;TOMATOES;XIRECS;4947.0;4
626000;BOT_MAKER;BOT_TAKER;TOMATOES;XIRECS;4946.0;5
629300;BOT_TAKER;SUBMISSION;TOMATOES;XIRECS;4954.0;4
629700;BOT_MAKER;BOT_TAKER;TOMATOES;XIRECS;4944.0;4
630100;SUBMISSION;BOT_TAKER;TOMATOES;XIRECS;4944.0;3
630400;BOT_MAKER;BOT_TAKER;TOMATOES;XIRECS;4943.0;2
632900;BOT_MAKER;BOT_TAKER;TOMATOES;XIRECS;4948.0;2
633300;BOT_TAKER;SUBMISSION;TOMATOES;XIRECS;4959.0;3
634400;BOT_TAKER;BOT_MAKER;TOMATOES;XIRECS;4960.0;3
634800;BOT_MAKER;BOT_TAKER;TOMATOES;XIRECS;4947.0;3
635400;BOT_MAKER;BOT_TAKER;TOMATOES;XIRECS;4946.0;2
635600;BOT_MAKER;BOT_TAKER;TOMATOES;XIRECS;4947.0;5
636700;BOT_MAKER;BOT_TAKER;TOMATOES;XIRECS;4946.0;2
637000;BOT_TAKER;BOT_MAKER;TOMATOES;XIRECS;4959.0;3
637700;BOT_TAKER;BOT_MAKER;TOMATOES;XIRECS;4956.0;3
638400;SUBMISSION;BOT_TAKER;TOMATOES;XIRECS;4943.0;2
638400;BOT_TAKER;BOT_MAKER;TOMATOES;XIRECS;4955.0;4
642100;BOT_TAKER;SUBMISSION;EMERALDS;XIRECS;10007.0;7
643100;BOT_MAKER;BOT_TAKER;TOMATOES;XIRECS;4946.0;4
643300;BOT_TAKER;SUBMISSION;EMERALDS;XIRECS;10007.0;7
644500;BOT_MAKER;BOT_TAKER;TOMATOES;XIRECS;4945.0;4
645600;BOT_TAKER;SUBMISSION;EMERALDS;XIRECS;10007.0;4
648700;SUBMISSION;BOT_TAKER;TOMATOES;XIRECS;4946.0;2
648800;SUBMISSION;BOT_TAKER;EMERALDS;XIRECS;9993.0;4
649400;BOT_TAKER;BOT_MAKER;TOMATOES;XIRECS;4957.0;4
650800;BOT_MAKER;BOT_TAKER;TOMATOES;XIRECS;4946.0;2
652900;BOT_TAKER;BOT_MAKER;TOMATOES;XIRECS;4958.0;2
653600;SUBMISSION;BOT;TOMATOES;XIRECS;4949.0;11
654400;BOT_TAKER;SUBMISSION;TOMATOES;XIRECS;4956.0;3
655300;BOT_TAKER;SUBMISSION;EMERALDS;XIRECS;10007.0;8
655700;BOT_MAKER;BOT_TAKER;TOMATOES;XIRECS;4940.0;5
656200;BOT_TAKER;BOT_MAKER;TOMATOES;XIRECS;4953.0;6
657800;BOT_MAKER;BOT_TAKER;TOMATOES;XIRECS;4939.0;3
658100;BOT_MAKER;BOT_TAKER;TOMATOES;XIRECS;4940.0;2
659800;BOT_TAKER;SUBMISSION;EMERALDS;XIRECS;10007.0;6
659800;BOT_TAKER;BOT_MAKER;TOMATOES;XIRECS;4949.0;3
661900;SUBMISSION;BOT;TOMATOES;XIRECS;4937.0;8
663000;BOT;SUBMISSION;TOMATOES;XIRECS;4942.0;10
663100;BOT_TAKER;BOT_MAKER;TOMATOES;XIRECS;4946.0;4
664700;BOT_TAKER;SUBMISSION;TOMATOES;XIRECS;4943.0;3
665300;BOT_MAKER;BOT_TAKER;TOMATOES;XIRECS;4927.0;5
666300;BOT_MAKER;BOT_TAKER;TOMATOES;XIRECS;4926.0;5
666500;BOT_TAKER;SUBMISSION;TOMATOES;XIRECS;4938.0;4
669200;SUBMISSION;BOT_TAKER;EMERALDS;XIRECS;9993.0;5
669900;SUBMISSION;BOT_TAKER;EMERALDS;XIRECS;9993.0;8
670500;BOT_TAKER;BOT_MAKER;TOMATOES;XIRECS;4938.0;5
674600;BOT_TAKER;BOT_MAKER;TOMATOES;XIRECS;4942.0;3
675500;BOT_TAKER;BOT_MAKER;TOMATOES;XIRECS;4942.0;3
683700;BOT_MAKER;BOT_TAKER;TOMATOES;XIRECS;4934.0;5
686100;BOT_TAKER;BOT_MAKER;TOMATOES;XIRECS;4943.0;5
686600;SUBMISSION;BOT_TAKER;EMERALDS;XIRECS;9993.0;6
687400;BOT_TAKER;SUBMISSION;TOMATOES;XIRECS;4942.0;5
687500;BOT_TAKER;SUBMISSION;EMERALDS;XIRECS;10007.0;3
692400;BOT_TAKER;SUBMISSION;EMERALDS;XIRECS;10007.0;8
692600;SUBMISSION;BOT_TAKER;EMERALDS;XIRECS;9993.0;6
695100;BOT_TAKER;SUBMISSION;EMERALDS;XIRECS;10007.0;4
695500;SUBMISSION;BOT_TAKER;TOMATOES;XIRECS;4936.0;2
699000;SUBMISSION;BOT_TAKER;TOMATOES;XIRECS;4940.0;5
699300;BOT_TAKER;BOT_MAKER;TOMATOES;XIRECS;4952.0;4
699900;BOT_TAKER;SUBMISSION;EMERALDS;XIRECS;10007.0;7
701500;BOT_TAKER;BOT_MAKER;TOMATOES;XIRECS;4951.0;2
701600;BOT_MAKER;BOT_TAKER;TOMATOES;XIRECS;4937.0;2
702400;SUBMISSION;BOT_TAKER;EMERALDS;XIRECS;9993.0;7
704200;BOT_TAKER;SUBMISSION;EMERALDS;XIRECS;10007.0;5
708400;BOT_TAKER;SUBMISSION;EMERALDS;XIRECS;10007.0;8
708800;BOT_MAKER;BOT_TAKER;TOMATOES;XIRECS;4936.0;4
710200;BOT_TAKER;BOT_MAKER;TOMATOES;XIRECS;4951.0;2
711200;BOT_MAKER;BOT_TAKER;TOMATOES;XIRECS;4940.0;2
711700;BOT_MAKER;BOT_TAKER;TOMATOES;XIRECS;4940.0;3
711800;BOT_TAKER;SUBMISSION;TOMATOES;XIRECS;4951.0;2
712200;SUBMISSION;BOT;TOMATOES;XIRECS;4944.0;9
712500;BOT_TAKER;SUBMISSION;TOMATOES;XIRECS;4950.0;2
714100;BOT_TAKER;BOT_MAKER;TOMATOES;XIRECS;4950.0;4
714700;BOT_MAKER;BOT_TAKER;TOMATOES;XIRECS;4935.0;2
715700;BOT_TAKER;BOT_MAKER;TOMATOES;XIRECS;4948.0;5
717300;BOT_TAKER;SUBMISSION;EMERALDS;XIRECS;10007.0;8
719100;BOT_TAKER;SUBMISSION;TOMATOES;XIRECS;4942.0;5
720200;BOT_MAKER;BOT_TAKER;TOMATOES;XIRECS;4932.0;2
723300;BOT_TAKER;SUBMISSION;EMERALDS;XIRECS;10007.0;5
724300;SUBMISSION;BOT_TAKER;EMERALDS;XIRECS;9993.0;3
724800;SUBMISSION;BOT;TOMATOES;XIRECS;4931.0;7
724900;BOT_MAKER;BOT_TAKER;TOMATOES;XIRECS;4926.0;5
725900;BOT_TAKER;SUBMISSION;EMERALDS;XIRECS;10007.0;8
726000;BOT_TAKER;BOT_MAKER;TOMATOES;XIRECS;4932.0;3
728900;BOT_MAKER;BOT_TAKER;TOMATOES;XIRECS;4921.0;2
729400;BOT_MAKER;BOT_TAKER;TOMATOES;XIRECS;4921.0;5
732100;BOT_TAKER;BOT_MAKER;TOMATOES;XIRECS;4934.0;4
733400;BOT_MAKER;BOT_TAKER;TOMATOES;XIRECS;4919.0;3
733500;BOT_MAKER;BOT_TAKER;TOMATOES;XIRECS;4919.0;3
735000;BOT_MAKER;BOT_TAKER;TOMATOES;XIRECS;4915.0;3
736000;BOT_TAKER;SUBMISSION;EMERALDS;XIRECS;10007.0;6
736100;BOT_TAKER;BOT_MAKER;TOMATOES;XIRECS;4928.0;3
737600;BOT_TAKER;SUBMISSION;TOMATOES;XIRECS;4922.0;4
737600;BOT_TAKER;BOT_MAKER;TOMATOES;XIRECS;4923.0;1
738000;BOT_TAKER;BOT_MAKER;TOMATOES;XIRECS;4923.0;5
741000;BOT_MAKER;BOT_TAKER;TOMATOES;XIRECS;4912.0;2
741200;SUBMISSION;BOT_TAKER;EMERALDS;XIRECS;9993.0;7
741200;BOT_TAKER;BOT_MAKER;TOMATOES;XIRECS;4924.0;2
741600;BOT_MAKER;BOT_TAKER;TOMATOES;XIRECS;4911.0;4
743600;BOT_MAKER;BOT_TAKER;TOMATOES;XIRECS;4910.0;4
744800;BOT_TAKER;BOT_MAKER;TOMATOES;XIRECS;4923.0;4
745500;BOT_TAKER;SUBMISSION;TOMATOES;XIRECS;4921.0;4
746800;SUBMISSION;BOT_TAKER;EMERALDS;XIRECS;9993.0;4
749500;BOT_TAKER;SUBMISSION;EMERALDS;XIRECS;10007.0;3
749600;BOT_MAKER;BOT_TAKER;TOMATOES;XIRECS;4907.0;4
749900;BOT_TAKER;SUBMISSION;EMERALDS;XIRECS;10007.0;8
751200;BOT_TAKER;SUBMISSION;TOMATOES;XIRECS;4919.0;2
752900;SUBMISSION;BOT_TAKER;EMERALDS;XIRECS;9993.0;4
755500;BOT_TAKER;SUBMISSION;EMERALDS;XIRECS;10007.0;6
760800;BOT_TAKER;SUBMISSION;TOMATOES;XIRECS;4914.0;2
760800;BOT_TAKER;BOT_MAKER;TOMATOES;XIRECS;4915.0;1
760900;BOT;SUBMISSION;TOMATOES;XIRECS;4910.0;2
762000;SUBMISSION;BOT;TOMATOES;XIRECS;4907.0;12
763300;BOT_TAKER;BOT_MAKER;TOMATOES;XIRECS;4916.0;4
763900;BOT_MAKER;BOT_TAKER;TOMATOES;XIRECS;4903.0;4
764700;BOT_MAKER;BOT_TAKER;TOMATOES;XIRECS;4902.0;4
766500;BOT_MAKER;BOT_TAKER;TOMATOES;XIRECS;4901.0;3
768100;BOT_MAKER;BOT_TAKER;TOMATOES;XIRECS;4901.0;3
768300;BOT_TAKER;SUBMISSION;TOMATOES;XIRECS;4912.0;2
768300;BOT_TAKER;BOT_MAKER;TOMATOES;XIRECS;4914.0;2
770000;SUBMISSION;BOT_TAKER;EMERALDS;XIRECS;9993.0;7
770100;BOT_TAKER;SUBMISSION;TOMATOES;XIRECS;4915.0;2
770700;SUBMISSION;BOT;TOMATOES;XIRECS;4909.0;8
772100;BOT_TAKER;BOT_MAKER;TOMATOES;XIRECS;4916.0;3
772200;SUBMISSION;BOT_TAKER;EMERALDS;XIRECS;9993.0;3
778500;SUBMISSION;BOT_TAKER;EMERALDS;XIRECS;9993.0;4
780800;BOT_MAKER;BOT_TAKER;TOMATOES;XIRECS;4907.0;2
781300;BOT_MAKER;BOT_TAKER;TOMATOES;XIRECS;4908.0;5
782200;BOT_TAKER;BOT_MAKER;TOMATOES;XIRECS;4920.0;5
784100;BOT_MAKER;BOT_TAKER;TOMATOES;XIRECS;4908.0;3
790900;BOT_MAKER;BOT_TAKER;TOMATOES;XIRECS;4906.0;3
791100;BOT_TAKER;SUBMISSION;TOMATOES;XIRECS;4918.0;3
791500;BOT_TAKER;BOT_MAKER;TOMATOES;XIRECS;4921.0;2
792500;BOT_TAKER;SUBMISSION;TOMATOES;XIRECS;4919.0;4
793500;BOT_MAKER;BOT_TAKER;TOMATOES;XIRECS;4907.0;4
794000;BOT_TAKER;BOT_MAKER;TOMATOES;XIRECS;4918.0;4
794100;SUBMISSION;BOT_TAKER;EMERALDS;XIRECS;9993.0;6
795200;BOT_TAKER;SUBMISSION;EMERALDS;XIRECS;10007.0;7
796800;BOT_TAKER;BOT_MAKER;TOMATOES;XIRECS;4918.0;4
798800;BOT_TAKER;BOT_MAKER;TOMATOES;XIRECS;4914.0;4
801500;BOT_TAKER;SUBMISSION;TOMATOES;XIRECS;4912.0;5
801800;SUBMISSION;BOT_TAKER;TOMATOES;XIRECS;4900.0;3
804000;BOT_TAKER;SUBMISSION;EMERALDS;XIRECS;10007.0;3
807200;BOT_MAKER;BOT_TAKER;TOMATOES;XIRECS;4901.0;4
807400;BOT_MAKER;BOT_TAKER;TOMATOES;XIRECS;4900.0;2
808500;BOT_TAKER;SUBMISSION;TOMATOES;XIRECS;4912.0;3
808700;BOT_TAKER;BOT_MAKER;TOMATOES;XIRECS;4914.0;5
810300;BOT_TAKER;BOT_MAKER;TOMATOES;XIRECS;4914.0;2
811700;BOT_TAKER;SUBMISSION;TOMATOES;XIRECS;4912.0;4
813700;BOT_TAKER;BOT_MAKER;TOMATOES;XIRECS;4911.0;5
813800;BOT_MAKER;BOT_TAKER;TOMATOES;XIRECS;4898.0;5
817100;SUBMISSION;BOT;TOMATOES;XIRECS;4903.0;6
817300;BOT_TAKER;BOT_MAKER;TOMATOES;XIRECS;4911.0;2
817500;BOT_MAKER;BOT_TAKER;TOMATOES;XIRECS;4898.0;3
819400;BOT_TAKER;SUBMISSION;EMERALDS;XIRECS;10007.0;3
823300;BOT_MAKER;BOT_TAKER;TOMATOES;XIRECS;4898.0;2
823800;BOT_TAKER;SUBMISSION;EMERALDS;XIRECS;10007.0;8
824900;BOT_MAKER;BOT_TAKER;TOMATOES;XIRECS;4899.0;4
825200;BOT_MAKER;BOT_TAKER;TOMATOES;XIRECS;4900.0;2
830300;BOT_TAKER;SUBMISSION;TOMATOES;XIRECS;4910.0;1
830300;BOT_TAKER;BOT_MAKER;TOMATOES;XIRECS;4911.0;1
831900;BOT_TAKER;SUBMISSION;TOMATOES;XIRECS;4910.0;1
831900;BOT_TAKER;BOT_MAKER;TOMATOES;XIRECS;4913.0;3
833100;BOT_TAKER;SUBMISSION;EMERALDS;XIRECS;10007.0;1
833100;BOT_TAKER;BOT_MAKER;EMERALDS;XIRECS;10008.0;7
835800;BOT_MAKER;BOT_TAKER;TOMATOES;XIRECS;4903.0;4
837000;SUBMISSION;BOT_TAKER;TOMATOES;XIRECS;4901.0;3
837200;BOT_MAKER;BOT_TAKER;TOMATOES;XIRECS;4900.0;3
838200;SUBMISSION;BOT_TAKER;EMERALDS;XIRECS;9993.0;7
838300;BOT_MAKER;BOT_TAKER;TOMATOES;XIRECS;4900.0;4
839400;BOT;SUBMISSION;TOMATOES;XIRECS;4907.0;7
839800;BOT_MAKER;BOT_TAKER;TOMATOES;XIRECS;4898.0;5
840600;BOT_MAKER;BOT_TAKER;TOMATOES;XIRECS;4900.0;3
842200;BOT_TAKER;SUBMISSION;EMERALDS;XIRECS;10007.0;7
843700;SUBMISSION;BOT_TAKER;EMERALDS;XIRECS;9993.0;6
844800;BOT_MAKER;BOT_TAKER;TOMATOES;XIRECS;4904.0;3
845500;SUBMISSION;BOT_TAKER;EMERALDS;XIRECS;9993.0;5
848600;BOT_TAKER;BOT_MAKER;TOMATOES;XIRECS;4913.0;2
851800;BOT_MAKER;BOT_TAKER;TOMATOES;XIRECS;4903.0;4
852300;BOT;SUBMISSION;TOMATOES;XIRECS;4912.0;9
853800;BOT_MAKER;BOT_TAKER;TOMATOES;XIRECS;4905.0;2
858400;SUBMISSION;BOT_TAKER;TOMATOES;XIRECS;4908.0;2
859600;SUBMISSION;BOT;TOMATOES;XIRECS;4911.0;6
860100;SUBMISSION;BOT;TOMATOES;XIRECS;4908.0;6
861100;BOT_TAKER;SUBMISSION;TOMATOES;XIRECS;4912.0;3
861500;SUBMISSION;BOT_TAKER;TOMATOES;XIRECS;4903.0;4
862200;BOT_MAKER;BOT_TAKER;TOMATOES;XIRECS;4900.0;5
862800;BOT_MAKER;BOT_TAKER;TOMATOES;XIRECS;4901.0;4
864900;BOT_MAKER;BOT_TAKER;TOMATOES;XIRECS;4895.0;5
865000;BOT_TAKER;BOT_MAKER;TOMATOES;XIRECS;4908.0;5
866100;BOT_TAKER;SUBMISSION;TOMATOES;XIRECS;4907.0;2
867300;BOT_TAKER;BOT_MAKER;TOMATOES;XIRECS;4906.0;4
869100;BOT;SUBMISSION;TOMATOES;XIRECS;4902.0;11
870200;BOT;SUBMISSION;TOMATOES;XIRECS;4903.0;8
870900;BOT_MAKER;BOT_TAKER;TOMATOES;XIRECS;4896.0;3
872300;SUBMISSION;BOT_TAKER;TOMATOES;XIRECS;4896.0;2
872800;SUBMISSION;BOT_TAKER;EMERALDS;XIRECS;9993.0;8
875500;SUBMISSION;BOT_TAKER;EMERALDS;XIRECS;9993.0;5
878300;SUBMISSION;BOT_TAKER;EMERALDS;XIRECS;9993.0;7
879600;SUBMISSION;BOT_TAKER;EMERALDS;XIRECS;9993.0;6
880800;BOT;SUBMISSION;TOMATOES;XIRECS;4895.0;10
882200;SUBMISSION;BOT_TAKER;TOMATOES;XIRECS;4890.0;3
884700;BOT_TAKER;BOT_MAKER;TOMATOES;XIRECS;4902.0;4
887300;BOT_TAKER;BOT_MAKER;TOMATOES;XIRECS;4902.0;2
887500;BOT_TAKER;SUBMISSION;EMERALDS;XIRECS;10007.0;4
888400;BOT_MAKER;BOT_TAKER;TOMATOES;XIRECS;4889.0;4
891000;BOT_TAKER;SUBMISSION;TOMATOES;XIRECS;4894.0;3
891400;BOT_TAKER;BOT_MAKER;TOMATOES;XIRECS;4896.0;2
893900;BOT_TAKER;SUBMISSION;EMERALDS;XIRECS;10007.0;8
894100;BOT_TAKER;BOT_MAKER;TOMATOES;XIRECS;4896.0;5
897800;BOT_TAKER;SUBMISSION;EMERALDS;XIRECS;10007.0;4
897900;BOT_MAKER;BOT_TAKER;TOMATOES;XIRECS;4885.0;2
899300;SUBMISSION;BOT;TOMATOES;XIRECS;4888.0;12
903300;BOT_TAKER;BOT_MAKER;TOMATOES;XIRECS;4894.0;4
907600;SUBMISSION;BOT_TAKER;TOMATOES;XIRECS;4891.0;4
908500;BOT_MAKER;BOT_TAKER;TOMATOES;XIRECS;4890.0;4
912600;SUBMISSION;BOT_TAKER;TOMATOES;XIRECS;4889.0;5
915200;BOT_MAKER;BOT_TAKER;TOMATOES;XIRECS;4892.0;5
916500;BOT_MAKER;BOT_TAKER;TOMATOES;XIRECS;4892.0;2
917000;BOT_MAKER;BOT_TAKER;TOMATOES;XIRECS;4896.0;2
917000;SUBMISSION;BOT_TAKER;TOMATOES;XIRECS;4894.0;2
921600;BOT_TAKER;BOT_MAKER;TOMATOES;XIRECS;4899.0;5
923200;BOT_TAKER;SUBMISSION;TOMATOES;XIRECS;4900.0;3
925000;BOT_TAKER;SUBMISSION;EMERALDS;XIRECS;10007.0;5
925200;SUBMISSION;BOT_TAKER;EMERALDS;XIRECS;9993.0;5
926200;SUBMISSION;BOT_TAKER;EMERALDS;XIRECS;9993.0;8
928200;BOT_MAKER;BOT_TAKER;TOMATOES;XIRECS;4886.0;4
928600;SUBMISSION;BOT_TAKER;EMERALDS;XIRECS;9993.0;7
930300;BOT_TAKER;SUBMISSION;EMERALDS;XIRECS;10007.0;7
931600;SUBMISSION;BOT_TAKER;EMERALDS;XIRECS;9993.0;4
932300;BOT_TAKER;SUBMISSION;EMERALDS;XIRECS;10007.0;6
932400;BOT_MAKER;BOT_TAKER;TOMATOES;XIRECS;4888.0;5
933400;BOT_TAKER;SUBMISSION;TOMATOES;XIRECS;4902.0;4
933700;BOT;SUBMISSION;TOMATOES;XIRECS;4899.0;5
934800;SUBMISSION;BOT_TAKER;EMERALDS;XIRECS;9993.0;7
937400;BOT;SUBMISSION;TOMATOES;XIRECS;4897.0;10
939200;BOT_TAKER;SUBMISSION;EMERALDS;XIRECS;10007.0;7
939800;BOT_TAKER;SUBMISSION;TOMATOES;XIRECS;4903.0;5
942400;SUBMISSION;BOT_TAKER;EMERALDS;XIRECS;9993.0;5
943600;BOT_MAKER;BOT_TAKER;TOMATOES;XIRECS;4898.0;4
946100;SUBMISSION;BOT_TAKER;EMERALDS;XIRECS;9993.0;7
952400;BOT_TAKER;SUBMISSION;EMERALDS;XIRECS;10007.0;5
952600;SUBMISSION;BOT_TAKER;EMERALDS;XIRECS;9993.0;3
955800;SUBMISSION;BOT_TAKER;EMERALDS;XIRECS;9993.0;7
958000;BOT_MAKER;BOT_TAKER;TOMATOES;XIRECS;4884.0;2
961500;BOT_TAKER;SUBMISSION;EMERALDS;XIRECS;10007.0;6
963400;BOT;SUBMISSION;TOMATOES;XIRECS;4889.0;12
963900;SUBMISSION;BOT_TAKER;EMERALDS;XIRECS;9993.0;6
965800;SUBMISSION;BOT_TAKER;EMERALDS;XIRECS;9993.0;4
967200;BOT_TAKER;BOT_MAKER;TOMATOES;XIRECS;4897.0;2
967300;BOT_TAKER;BOT_MAKER;TOMATOES;XIRECS;4898.0;4
968300;SUBMISSION;BOT_TAKER;EMERALDS;XIRECS;9993.0;7
968800;SUBMISSION;BOT_TAKER;TOMATOES;XIRECS;4887.0;4
970400;BOT_MAKER;BOT_TAKER;TOMATOES;XIRECS;4893.0;3
972500;BOT_TAKER;BOT_MAKER;TOMATOES;XIRECS;4903.0;4
973400;SUBMISSION;BOT;TOMATOES;XIRECS;4896.0;10
974800;BOT_TAKER;SUBMISSION;EMERALDS;XIRECS;10007.0;7
980200;BOT_TAKER;BOT_MAKER;TOMATOES;XIRECS;4908.0;5
981400;BOT_TAKER;BOT_MAKER;TOMATOES;XIRECS;4909.0;3
984200;SUBMISSION;BOT_TAKER;EMERALDS;XIRECS;9993.0;5
985100;SUBMISSION;BOT_TAKER;EMERALDS;XIRECS;9993.0;8
986200;BOT_TAKER;SUBMISSION;EMERALDS;XIRECS;10007.0;8
987100;BOT_MAKER;BOT_TAKER;TOMATOES;XIRECS;4891.0;5
988200;BOT;SUBMISSION;TOMATOES;XIRECS;4900.0;5
989100;SUBMISSION;BOT_TAKER;EMERALDS;XIRECS;9993.0;8
989400;SUBMISSION;BOT_TAKER;EMERALDS;XIRECS;9993.0;7
989600;BOT_TAKER;SUBMISSION;EMERALDS;XIRECS;10007.0;3
991300;BOT_MAKER;BOT_TAKER;TOMATOES;XIRECS;4899.0;2
992300;BOT_TAKER;BOT_MAKER;TOMATOES;XIRECS;4915.0;3
992800;SUBMISSION;BOT_TAKER;TOMATOES;XIRECS;4903.0;3
992900;BOT_TAKER;BOT_MAKER;TOMATOES;XIRECS;4914.0;2
993600;BOT_TAKER;SUBMISSION;EMERALDS;XIRECS;10007.0;8
994500;SUBMISSION;BOT_TAKER;TOMATOES;XIRECS;4902.0;3
994900;BOT_MAKER;BOT_TAKER;TOMATOES;XIRECS;4901.0;4
997200;BOT;SUBMISSION;TOMATOES;XIRECS;4909.0;9
997600;BOT_TAKER;SUBMISSION;EMERALDS;XIRECS;10007.0;8
998600;BOT_MAKER;BOT_TAKER;TOMATOES;XIRECS;4901.0;2
