timestamp;buyer;seller;symbol;currency;price;quantity
2100;BOT_TAKER;BOT_MAKER;TOMATOES;XIRECS;5014.0;4
3300;BOT_MAKER;BOT_TAKER;TOMATOES;XIRECS;5001.0;5
3400;BOT_MAKER;BOT_TAKER;TOMATOES;XIRECS;5000.0;3
4700;BOT_MAKER;BOT_TAKER;TOMATOES;XIRECS;5005.0;5
4900;BOT_MAKER;BOT_TAKER;TOMATOES;XIRECS;5005.0;4
5200;SUBMISSION;BOT;TOMATOES;XIRECS;5008.0;10
5800;BOT_TAKER;BOT_MAKER;TOMATOES;XIRECS;5016.0;2
6500;BOT_TAKER;SUBMISSION;EMERALDS;XIRECS;10007.0;3
6500;BOT_MAKER;BOT_TAKER;TOMATOES;XIRECS;5000.0;5
8000;BOT_MAKER;BOT_TAKER;TOMATOES;XIRECS;5001.0;5
8300;BOT_MAKER;BOT_TAKER;TOMATOES;XIRECS;5001.0;3
9300;BOT_TAKER;BOT_MAKER;TOMATOES;XIRECS;5011.0;4
10100;BOT_MAKER;BOT_TAKER;TOMATOES;XIRECS;4996.0;4
10200;BOT_TAKER;SUBMISSION;TOMATOES;XIRECS;5009.0;4
12700;BOT;SUBMISSION;TOMATOES;XIRECS;5008.0;11
13100;SUBMISSION;BOT_TAKER;TOMATOES;XIRECS;5000.0;5
13900;SUBMISSION;BOT_TAKER;EMERALDS;XIRECS;9993.0;6
20300;BOT_TAKER;BOT_MAKER;TOMATOES;XIRECS;5013.0;2
20400;SUBMISSION;BOT_TAKER;TOMATOES;XIRECS;5000.0;5
21100;SUBMISSION;BOT;TOMATOES;XIRECS;5004.0;6
24700;BOT_MAKER;BOT_TAKER;TOMATOES;XIRECS;5001.0;2
25500;BOT_TAKER;BOT_MAKER;TOMATOES;XIRECS;5015.0;2
26300;BOT_TAKER;SUBMISSION;TOMATOES;XIRECS;5014.0;4
26500;SUBMISSION;BOT_TAKER;TOMATOES;XIRECS;5002.0;4
26900;BOT_TAKER;SUBMISSION;TOMATOES;XIRECS;5013.0;2
28600;BOT_MAKER;BOT_TAKER;TOMATOES;XIRECS;5004.0;3
29000;SUBMISSION;BOT_TAKER;TOMATOES;XIRECS;5004.0;4
30500;BOT_TAKER;SUBMISSION;TOMATOES;XIRECS;5011.0;4
31200;SUBMISSION;BOT_TAKER;TOMATOES;XIRECS;5002.0;5
31700;SUBMISSION;BOT_TAKER;EMERALDS;XIRECS;9993.0;5
38000;BOT_TAKER;SUBMISSION;EMERALDS;XIRECS;10007.0;5
39000;BOT_TAKER;SUBMISSION;EMERALDS;XIRECS;10007.0;8
39500;SUBMISSION;BOT_TAKER;EMERALDS;XIRECS;9993.0;7
42600;BOT_MAKER;BOT_TAKER;TOMATOES;XIRECS;4998.0;4
43000;SUBMISSION;BOT_TAKER;EMERALDS;XIRECS;9993.0;6
45600;BOT_TAKER;SUBMISSION;TOMATOES;XIRECS;5013.0;2
45900;BOT_TAKER;SUBMISSION;TOMATOES;XIRECS;5013.0;4
47000;SUBMISSION;BOT;TOMATOES;XIRECS;5006.0;6
47800;BOT_MAKER;BOT_TAKER;TOMATOES;XIRECS;5000.0;3
49500;BOT_TAKER;BOT_MAKER;TOMATOES;XIRECS;5014.0;2
51500;SUBMISSION;BOT_TAKER;EMERALDS;XIRECS;9993.0;3
51800;BOT_TAKER;SUBMISSION;TOMATOES;XIRECS;5011.0;5
52700;BOT_TAKER;BOT_MAKER;TOMATOES;XIRECS;5015.0;5
53500;BOT_MAKER;BOT_TAKER;TOMATOES;XIRECS;5003.0;4
54900;BOT_TAKER;SUBMISSION;EMERALDS;XIRECS;10007.0;8
55100;BOT_TAKER;SUBMISSION;EMERALDS;XIRECS;10007.0;8
55100;BOT_MAKER;BOT_TAKER;TOMATOES;XIRECS;5002.0;5
57100;BOT_TAKER;SUBMISSION;EMERALDS;XIRECS;10007.0;6
58400;BOT_MAKER;BOT_TAKER;TOMATOES;XIRECS;5003.0;2
61500;BOT_TAKER;SUBMISSION;EMERALDS;XIRECS;10007.0;6
62300;BOT_TAKER;BOT_MAKER;TOMATOES;XIRECS;5017.0;5
63400;SUBMISSION;BOT_TAKER;TOMATOES;XIRECS;5004.0;5
65200;BOT_TAKER;SUBMISSION;TOMATOES;XIRECS;5010.0;3
66000;BOT_MAKER;BOT_TAKER;TOMATOES;XIRECS;4998.0;4
67700;BOT_MAKER;BOT_TAKER;TOMATOES;XIRECS;5002.0;3
69400;BOT_MAKER;BOT_TAKER;TOMATOES;XIRECS;5002.0;3
69700;BOT_MAKER;BOT_TAKER;TOMATOES;XIRECS;5006.0;4
74400;SUBMISSION;BOT_TAKER;EMERALDS;XIRECS;9993.0;4
74900;BOT_MAKER;BOT_TAKER;TOMATOES;XIRECS;5005.0;4
76000;BOT_TAKER;SUBMISSION;TOMATOES;XIRECS;5017.0;3
76900;BOT_TAKER;BOT_MAKER;TOMATOES;XIRECS;5018.0;4
78200;SUBMISSION;BOT_TAKER;TOMATOES;XIRECS;5005.0;5
80700;SUBMISSION;BOT_TAKER;EMERALDS;XIRECS;9993.0;4
84100;BOT_MAKER;BOT_TAKER;TOMATOES;XIRECS;5006.0;3
86800;BOT_MAKER;BOT_TAKER;TOMATOES;XIRECS;5008.0;4
86800;BOT_MAKER;BOT_TAKER;TOMATOES;XIRECS;5003.0;1
89400;BOT_TAKER;BOT_MAKER;TOMATOES;XIRECS;5016.0;4
90500;BOT_MAKER;BOT_TAKER;TOMATOES;XIRECS;5003.0;5
96000;BOT_TAKER;SUBMISSION;EMERALDS;XIRECS;10007.0;8
97100;SUBMISSION;BOT;TOMATOES;XIRECS;5008.0;8
97600;BOT;SUBMISSION;TOMATOES;XIRECS;5012.0;7
97600;SUBMISSION;BOT_TAKER;EMERALDS;XIRECS;9993.0;4
99800;SUBMISSION;BOT_TAKER;EMERALDS;XIRECS;9993.0;3
102200;BOT_MAKER;BOT_TAKER;TOMATOES;XIRECS;5001.0;2
104000;BOT_TAKER;BOT_MAKER;TOMATOES;XIRECS;5017.0;3
104700;BOT_TAKER;BOT_MAKER;TOMATOES;XIRECS;5019.0;3
105200;BOT_MAKER;BOT_TAKER;TOMATOES;XIRECS;5007.0;5
107100;BOT_TAKER;SUBMISSION;EMERALDS;XIRECS;10007.0;8
108200;BOT_TAKER;BOT_MAKER;TOMATOES;XIRECS;5024.0;5
109700;BOT_MAKER;BOT_TAKER;TOMATOES;XIRECS;5013.0;3
111300;BOT_TAKER;SUBMISSION;EMERALDS;XIRECS;10007.0;6
112600;BOT_TAKER;SUBMISSION;TOMATOES;XIRECS;5030.0;4
114200;BOT_TAKER;BOT_MAKER;TOMATOES;XIRECS;5028.0;2
115300;BOT_MAKER;BOT_TAKER;TOMATOES;XIRECS;5011.0;4
119600;BOT_TAKER;SUBMISSION;EMERALDS;XIRECS;10007.0;8
119900;BOT_MAKER;BOT_TAKER;TOMATOES;XIRECS;5014.0;2
122000;SUBMISSION;BOT;TOMATOES;XIRECS;5022.0;6
122400;BOT_TAKER;SUBMISSION;TOMATOES;XIRECS;5029.0;2
123600;BOT_TAKER;SUBMISSION;TOMATOES;XIRECS;5030.0;5
123700;BOT_MAKER;BOT_TAKER;TOMATOES;XIRECS;5019.0;3
126200;SUBMISSION;BOT;TOMATOES;XIRECS;5023.0;8
126400;BOT_MAKER;BOT_TAKER;TOMATOES;XIRECS;5018.0;4
127300;SUBMISSION;BOT;TOMATOES;XIRECS;5022.0;8
129300;BOT_TAKER;BOT_MAKER;TOMATOES;XIRECS;5033.0;4
131000;SUBMISSION;BOT;TOMATOES;XIRECS;5027.0;9
134100;BOT_TAKER;SUBMISSION;EMERALDS;XIRECS;10007.0;5
134300;BOT_MAKER;BOT_TAKER;TOMATOES;XIRECS;5019.0;3
136200;SUBMISSION;BOT_TAKER;EMERALDS;XIRECS;9993.0;8
136300;BOT_TAKER;SUBMISSION;TOMATOES;XIRECS;5025.0;2
137000;BOT_TAKER;BOT_MAKER;TOMATOES;XIRECS;5030.0;2
139700;SUBMISSION;BOT_TAKER;EMERALDS;XIRECS;9993.0;4
139700;BOT_TAKER;BOT_MAKER;TOMATOES;XIRECS;5031.0;2
141400;BOT_MAKER;BOT_TAKER;TOMATOES;XIRECS;5014.0;2
142700;BOT_TAKER;SUBMISSION;TOMATOES;XIRECS;5027.0;2
145500;BOT_TAKER;BOT_MAKER;TOMATOES;XIRECS;5027.0;2
145500;BOT_TAKER;BOT_MAKER;TOMATOES;XIRECS;5033.0;2
146600;SUBMISSION;BOT_TAKER;EMERALDS;XIRECS;9993.0;8
148400;SUBMISSION;BOT;TOMATOES;XIRECS;5024.0;8
148400;BOT_TAKER;SUBMISSION;TOMATOES;XIRECS;5025.0;4
148800;BOT_TAKER;BOT_MAKER;TOMATOES;XIRECS;5033.0;3
150100;BOT_TAKER;SUBMISSION;EMERALDS;XIRECS;10007.0;3
154400;SUBMISSION;BOT_TAKER;EMERALDS;XIRECS;9993.0;4
158100;SUBMISSION;BOT_TAKER;EMERALDS;XIRECS;9993.0;7
159300;SUBMISSION;BOT;TOMATOES;XIRECS;5023.0;7
159300;SUBMISSION;BOT_TAKER;EMERALDS;XIRECS;9993.0;7
160000;BOT_MAKER;BOT_TAKER;TOMATOES;XIRECS;5017.0;3
161100;BOT_TAKER;SUBMISSION;TOMATOES;XIRECS;5029.0;2
161200;BOT_TAKER;BOT_MAKER;TOMATOES;XIRECS;5031.0;2
162300;SUBMISSION;BOT_TAKER;EMERALDS;XIRECS;9993.0;7
167100;BOT_MAKER;BOT_TAKER;TOMATOES;XIRECS;5017.0;5
167700;BOT_TAKER;BOT_MAKER;TOMATOES;XIRECS;5032.0;5
169200;SUBMISSION;BOT_TAKER;EMERALDS;XIRECS;9993.0;6
170900;BOT;SUBMISSION;TOMATOES;XIRECS;5025.0;2
171400;BOT_TAKER;BOT_MAKER;TOMATOES;XIRECS;5032.0;4
171900;SUBMISSION;BOT_TAKER;EMERALDS;XIRECS;9993.0;5
173200;BOT;SUBMISSION;TOMATOES;XIRECS;5028.0;7
175800;SUBMISSION;BOT_TAKER;EMERALDS;XIRECS;9993.0;5
179100;BOT_TAKER;BOT_MAKER;TOMATOES;XIRECS;5036.0;2
179500;SUBMISSION;BOT;TOMATOES;XIRECS;5028.0;11
179900;SUBMISSION;BOT_TAKER;EMERALDS;XIRECS;9993.0;5
182400;BOT_TAKER;SUBMISSION;TOMATOES;XIRECS;5030.0;3
186200;BOT_TAKER;SUBMISSION;EMERALDS;XIRECS;10007.0;7
186400;BOT_MAKER;BOT_TAKER;TOMATOES;XIRECS;5022.0;5
186500;BOT;SUBMISSION;TOMATOES;XIRECS;5030.0;6
186900;SUBMISSION;BOT_TAKER;EMERALDS;XIRECS;9993.0;7
187100;BOT_TAKER;SUBMISSION;TOMATOES;XIRECS;5033.0;4
187900;BOT_TAKER;SUBMISSION;EMERALDS;XIRECS;10007.0;6
188400;SUBMISSION;BOT_TAKER;EMERALDS;XIRECS;9993.0;6
189200;BOT_MAKER;BOT_TAKER;TOMATOES;XIRECS;5019.0;5
189800;BOT_TAKER;BOT_MAKER;TOMATOES;XIRECS;5033.0;3
189900;BOT_MAKER;BOT_TAKER;TOMATOES;XIRECS;5019.0;4
192300;BOT_TAKER;SUBMISSION;EMERALDS;XIRECS;10007.0;5
194100;BOT_MAKER;BOT_TAKER;TOMATOES;XIRECS;5023.0;4
194600;BOT_TAKER;BOT_MAKER;TOMATOES;XIRECS;5037.0;5
194800;BOT_TAKER;SUBMISSION;EMERALDS;XIRECS;10007.0;8
195500;BOT_TAKER;BOT_MAKER;TOMATOES;XIRECS;5030.0;2
195500;BOT_TAKER;SUBMISSION;TOMATOES;XIRECS;5031.0;1
196300;SUBMISSION;BOT_TAKER;EMERALDS;XIRECS;9993.0;4
196600;BOT_MAKER;BOT_TAKER;TOMATOES;XIRECS;5020.0;2
201100;BOT_TAKER;SUBMISSION;TOMATOES;XIRECS;5034.0;5
201200;SUBMISSION;BOT_TAKER;EMERALDS;XIRECS;9993.0;5
202500;BOT_TAKER;SUBMISSION;EMERALDS;XIRECS;10007.0;5
203200;BOT_TAKER;SUBMISSION;EMERALDS;XIRECS;10007.0;8
208200;BOT_TAKER;SUBMISSION;EMERALDS;XIRECS;10007.0;8
211200;BOT_TAKER;BOT_MAKER;TOMATOES;XIRECS;5037.0;5
212700;BOT_TAKER;SUBMISSION;TOMATOES;XIRECS;5037.0;3
217100;BOT_MAKER;BOT_TAKER;TOMATOES;XIRECS;5031.0;4
217800;BOT_TAKER;BOT_MAKER;TOMATOES;XIRECS;5041.0;3
223000;BOT_TAKER;SUBMISSION;EMERALDS;XIRECS;10007.0;3
228300;BOT_TAKER;SUBMISSION;TOMATOES;XIRECS;5033.0;3
230500;SUBMISSION;BOT;TOMATOES;XIRECS;5024.0;12
231100;BOT_TAKER;SUBMISSION;EMERALDS;XIRECS;10007.0;8
232600;BOT_TAKER;SUBMISSION;EMERALDS;XIRECS;10007.0;5
234000;BOT;SUBMISSION;TOMATOES;XIRECS;5029.0;7
235100;BOT_TAKER;SUBMISSION;EMERALDS;XIRECS;10007.0;8
240800;BOT_MAKER;BOT_TAKER;TOMATOES;XIRECS;5023.0;3
242000;BOT_MAKER;BOT_TAKER;TOMATOES;XIRECS;5020.0;2
243300;SUBMISSION;BOT_TAKER;EMERALDS;XIRECS;9993.0;5
243700;SUBMISSION;BOT_TAKER;EMERALDS;XIRECS;9993.0;7
244200;BOT_TAKER;SUBMISSION;TOMATOES;XIRECS;5033.0;3
244800;BOT_MAKER;BOT_TAKER;TOMATOES;XIRECS;5023.0;2
246700;BOT_MAKER;BOT_TAKER;TOMATOES;XIRECS;5025.0;5
248800;BOT_TAKER;BOT_MAKER;TOMATOES;XIRECS;5036.0;2
249700;BOT_TAKER;BOT_MAKER;TOMATOES;XIRECS;5036.0;2
250400;SUBMISSION;BOT_TAKER;EMERALDS;XIRECS;9993.0;8
250600;BOT_MAKER;BOT_TAKER;TOMATOES;XIRECS;5024.0;3
250900;SUBMISSION;BOT_TAKER;EMERALDS;XIRECS;9993.0;3
251600;BOT_MAKER;BOT_TAKER;TOMATOES;XIRECS;5025.0;3
254700;SUBMISSION;BOT_TAKER;EMERALDS;XIRECS;9993.0;8
255700;BOT_MAKER;BOT_TAKER;TOMATOES;XIRECS;5023.0;3
257100;BOT_TAKER;SUBMISSION;EMERALDS;XIRECS;10007.0;3
262400;BOT_TAKER;BOT_MAKER;TOMATOES;XIRECS;5039.0;2
263800;BOT_TAKER;SUBMISSION;EMERALDS;XIRECS;10007.0;7
264100;BOT_MAKER;BOT_TAKER;TOMATOES;XIRECS;5026.0;5
266000;BOT_TAKER;SUBMISSION;TOMATOES;XIRECS;5037.0;2
266500;BOT_MAKER;BOT_TAKER;TOMATOES;XIRECS;5026.0;3
268200;BOT_MAKER;BOT_TAKER;TOMATOES;XIRECS;5025.0;5
268400;BOT_MAKER;BOT_TAKER;TOMATOES;XIRECS;5023.0;3
269700;BOT_MAKER;BOT_TAKER;TOMATOES;XIRECS;5031.0;2
270800;SUBMISSION;BOT_TAKER;EMERALDS;XIRECS;9993.0;8
272800;SUBMISSION;BOT_TAKER;EMERALDS;XIRECS;10001.0;6
273500;SUBMISSION;BOT;TOMATOES;XIRECS;5029.0;7
275600;BOT_MAKER;BOT_TAKER;TOMATOES;XIRECS;5025.0;2
277900;BOT_TAKER;SUBMISSION;TOMATOES;XIRECS;5038.0;5
278700;SUBMISSION;BOT_TAKER;EMERALDS;XIRECS;9993.0;6
279800;BOT_MAKER;BOT_TAKER;TOMATOES;XIRECS;5030.0;4
280500;BOT_TAKER;SUBMISSION;TOMATOES;XIRECS;5042.0;2
283700;BOT_MAKER;BOT_TAKER;TOMATOES;XIRECS;5033.0;4
285300;BOT_TAKER;SUBMISSION;EMERALDS;XIRECS;10007.0;5
285400;BOT_TAKER;SUBMISSION;TOMATOES;XIRECS;5044.0;4
285700;BOT_MAKER;BOT_TAKER;TOMATOES;XIRECS;5033.0;4
286100;BOT_TAKER;SUBMISSION;EMERALDS;XIRECS;10007.0;5
286900;BOT_TAKER;SUBMISSION;TOMATOES;XIRECS;5043.0;4
289500;BOT_MAKER;BOT_TAKER;TOMATOES;XIRECS;5029.0;5
289800;SUBMISSION;BOT_TAKER;TOMATOES;XIRECS;5031.0;5
290800;BOT_MAKER;BOT_TAKER;TOMATOES;XIRECS;5030.0;3
295000;SUBMISSION;BOT_TAKER;EMERALDS;XIRECS;9993.0;7
298200;BOT_TAKER;BOT_MAKER;TOMATOES;XIRECS;5045.0;3
301700;BOT_MAKER;BOT_TAKER;TOMATOES;XIRECS;5031.0;4
304600;BOT_MAKER;BOT_TAKER;TOMATOES;XIRECS;5030.0;3
306100;BOT_TAKER;SUBMISSION;EMERALDS;XIRECS;10007.0;4
306600;BOT_TAKER;SUBMISSION;EMERALDS;XIRECS;10007.0;8
306600;BOT_TAKER;BOT_MAKER;TOMATOES;XIRECS;5041.0;3
307300;SUBMISSION;BOT_TAKER;EMERALDS;XIRECS;9993.0;7
307800;SUBMISSION;BOT_TAKER;EMERALDS;XIRECS;9993.0;5
310900;BOT_TAKER;BOT_MAKER;TOMATOES;XIRECS;5038.0;3
311200;SUBMISSION;BOT;TOMATOES;XIRECS;5030.0;9
311200;SUBMISSION;BOT_TAKER;EMERALDS;XIRECS;9993.0;4
313100;SUBMISSION;BOT_TAKER;EMERALDS;XIRECS;9993.0;6
313200;BOT_MAKER;BOT_TAKER;TOMATOES;XIRECS;5027.0;3
314600;BOT_TAKER;SUBMISSION;TOMATOES;XIRECS;5039.0;5
316900;SUBMISSION;BOT_TAKER;EMERALDS;XIRECS;9993.0;3
324600;BOT;SUBMISSION;TOMATOES;XIRECS;5031.0;7
325200;BOT_TAKER;BOT_MAKER;TOMATOES;XIRECS;5037.0;5
328900;SUBMISSION;BOT_TAKER;EMERALDS;XIRECS;9993.0;5
330100;BOT_MAKER;BOT_TAKER;TOMATOES;XIRECS;5030.0;3
331600;BOT;SUBMISSION;TOMATOES;XIRECS;5038.0;5
332000;SUBMISSION;BOT_TAKER;EMERALDS;XIRECS;9993.0;5
332400;SUBMISSION;BOT_TAKER;EMERALDS;XIRECS;9993.0;5
332800;BOT_TAKER;BOT_MAKER;TOMATOES;XIRECS;5043.0;5
333400;SUBMISSION;BOT_TAKER;EMERALDS;XIRECS;9993.0;3
336500;SUBMISSION;BOT_TAKER;EMERALDS;XIRECS;9993.0;8
337700;BOT_MAKER;BOT_TAKER;TOMATOES;XIRECS;5040.0;2
337800;SUBMISSION;BOT_TAKER;EMERALDS;XIRECS;9993.0;7
338300;BOT_MAKER;BOT_TAKER;TOMATOES;XIRECS;5032.0;2
338800;BOT_TAKER;SUBMISSION;EMERALDS;XIRECS;10007.0;4
340500;BOT_MAKER;BOT_TAKER;TOMATOES;XIRECS;5029.0;4
340800;BOT_MAKER;BOT_TAKER;TOMATOES;XIRECS;5030.0;4
345300;SUBMISSION;BOT;TOMATOES;XIRECS;5037.0;8
346100;BOT_MAKER;BOT_TAKER;TOMATOES;XIRECS;5033.0;3
346300;BOT_MAKER;BOT_TAKER;TOMATOES;XIRECS;5033.0;4
347000;BOT_TAKER;SUBMISSION;EMERALDS;XIRECS;9999.0;8
348400;BOT_TAKER;SUBMISSION;EMERALDS;XIRECS;10007.0;5
348900;SUBMISSION;BOT_TAKER;EMERALDS;XIRECS;9993.0;6
351100;BOT_MAKER;BOT_TAKER;TOMATOES;XIRECS;5033.0;4
351200;BOT_MAKER;BOT_TAKER;TOMATOES;XIRECS;5033.0;2
353900;BOT_TAKER;SUBMISSION;EMERALDS;XIRECS;10007.0;6
353900;BOT_MAKER;BOT_TAKER;TOMATOES;XIRECS;5030.0;4
356300;BOT_TAKER;SUBMISSION;EMERALDS;XIRECS;10007.0;3
356500;BOT_TAKER;SUBMISSION;EMERALDS;XIRECS;10007.0;7
357300;SUBMISSION;BOT_TAKER;TOMATOES;XIRECS;5029.0;5
357400;SUBMISSION;BOT;TOMATOES;XIRECS;5034.0;10
360600;BOT_MAKER;BOT_TAKER;TOMATOES;XIRECS;5028.0;2
361700;SUBMISSION;BOT_TAKER;EMERALDS;XIRECS;9993.0;3
362000;SUBMISSION;BOT_TAKER;EMERALDS;XIRECS;9993.0;7
362800;SUBMISSION;BOT_TAKER;EMERALDS;XIRECS;9993.0;6
363400;SUBMISSION;BOT_TAKER;EMERALDS;XIRECS;9993.0;3
365200;BOT_TAKER;SUBMISSION;TOMATOES;XIRECS;5037.0;5
368600;BOT_MAKER;BOT_TAKER;TOMATOES;XIRECS;5030.0;3
371300;SUBMISSION;BOT;TOMATOES;XIRECS;5038.0;8
374500;BOT_TAKER;BOT_MAKER;TOMATOES;XIRECS;5043.0;5
375500;BOT_TAKER;SUBMISSION;EMERALDS;XIRECS;10007.0;3
376200;BOT_MAKER;BOT_TAKER;TOMATOES;XIRECS;5030.0;5
377100;SUBMISSION;BOT;TOMATOES;XIRECS;5032.0;12
377900;BOT_MAKER;BOT_TAKER;TOMATOES;XIRECS;5028.0;4
378000;BOT_MAKER;BOT_TAKER;TOMATOES;XIRECS;5029.0;5
378200;SUBMISSION;BOT_TAKER;EMERALDS;XIRECS;9993.0;6
384700;SUBMISSION;BOT_TAKER;EMERALDS;XIRECS;9993.0;8
384700;BOT_TAKER;SUBMISSION;TOMATOES;XIRECS;5042.0;4
385700;BOT_TAKER;SUBMISSION;EMERALDS;XIRECS;10007.0;8
386400;BOT_TAKER;SUBMISSION;TOMATOES;XIRECS;5042.0;2
387400;BOT_MAKER;BOT_TAKER;TOMATOES;XIRECS;5028.0;2
388300;BOT_MAKER;BOT_TAKER;TOMATOES;XIRECS;5028.0;4
391900;BOT_TAKER;SUBMISSION;EMERALDS;XIRECS;10007.0;5
392500;SUBMISSION;BOT;TOMATOES;XIRECS;5033.0;9
393300;BOT_MAKER;BOT_TAKER;TOMATOES;XIRECS;5026.0;3
396400;BOT_MAKER;BOT_TAKER;TOMATOES;XIRECS;5022.0;3
397000;BOT_MAKER;BOT_TAKER;TOMATOES;XIRECS;5023.0;4
397800;BOT_MAKER;BOT_TAKER;TOMATOES;XIRECS;5021.0;4
398300;SUBMISSION;BOT_TAKER;EMERALDS;XIRECS;9993.0;4
400400;BOT_MAKER;BOT_TAKER;TOMATOES;XIRECS;5021.0;3
401400;BOT_TAKER;SUBMISSION;TOMATOES;XIRECS;5030.0;2
403500;BOT_MAKER;BOT_TAKER;TOMATOES;XIRECS;5023.0;3
403900;BOT_TAKER;BOT_MAKER;TOMATOES;XIRECS;5029.0;4
404100;SUBMISSION;BOT;TOMATOES;XIRECS;5021.0;9
404500;BOT_TAKER;SUBMISSION;TOMATOES;XIRECS;5026.0;5
409600;BOT_TAKER;SUBMISSION;TOMATOES;XIRECS;5023.0;3
409900;SUBMISSION;BOT_TAKER;EMERALDS;XIRECS;9993.0;5
410700;BOT_TAKER;SUBMISSION;TOMATOES;XIRECS;5022.0;2
413000;BOT_TAKER;SUBMISSION;TOMATOES;XIRECS;5022.0;2
415800;BOT_TAKER;SUBMISSION;EMERALDS;XIRECS;10007.0;6
416000;BOT_TAKER;BOT_MAKER;TOMATOES;XIRECS;5024.0;3
416100;BOT_TAKER;BOT_MAKER;TOMATOES;XIRECS;5024.0;5
416400;BOT_TAKER;SUBMISSION;TOMATOES;XIRECS;5021.0;3
417300;BOT_TAKER;BOT_MAKER;TOMATOES;XIRECS;5018.0;5
418100;SUBMISSION;BOT;TOMATOES;XIRECS;5015.0;10
418600;BOT_MAKER;BOT_TAKER;TOMATOES;XIRECS;5010.0;5
418800;SUBMISSION;BOT;TOMATOES;XIRECS;5015.0;7
421800;SUBMISSION;BOT_TAKER;EMERALDS;XIRECS;9993.0;7
423600;BOT_TAKER;SUBMISSION;TOMATOES;XIRECS;5022.0;3
424300;SUBMISSION;BOT_TAKER;EMERALDS;XIRECS;9993.0;6
427600;BOT_TAKER;SUBMISSION;TOMATOES;XIRECS;5020.0;5
427900;BOT_TAKER;SUBMISSION;TOMATOES;XIRECS;5021.0;2
428400;SUBMISSION;BOT;TOMATOES;XIRECS;5015.0;12
428700;BOT_TAKER;SUBMISSION;EMERALDS;XIRECS;10007.0;3
429400;BOT_TAKER;BOT_MAKER;TOMATOES;XIRECS;5026.0;4
430600;SUBMISSION;BOT;TOMATOES;XIRECS;5016.0;10
431600;BOT_TAKER;SUBMISSION;EMERALDS;XIRECS;10007.0;5
432500;BOT_MAKER;BOT_TAKER;TOMATOES;XIRECS;5010.0;3
433900;BOT_TAKER;SUBMISSION;EMERALDS;XIRECS;10007.0;3
436400;BOT_MAKER;BOT_TAKER;TOMATOES;XIRECS;5010.0;3
436500;BOT_TAKER;BOT_MAKER;TOMATOES;XIRECS;5023.0;5
437500;BOT_TAKER;BOT_MAKER;TOMATOES;XIRECS;5024.0;3
438100;BOT_MAKER;BOT_TAKER;TOMATOES;XIRECS;5009.0;5
438300;BOT_TAKER;BOT_MAKER;TOMATOES;XIRECS;5022.0;5
440400;BOT_MAKER;BOT_TAKER;TOMATOES;XIRECS;5009.0;4
443100;BOT_TAKER;SUBMISSION;EMERALDS;XIRECS;10007.0;4
443100;BOT_MAKER;BOT_TAKER;TOMATOES;XIRECS;5010.0;3
445200;BOT_MAKER;BOT_TAKER;TOMATOES;XIRECS;5011.0;3
445500;BOT_TAKER;BOT_MAKER;TOMATOES;XIRECS;5024.0;2
446400;SUBMISSION;BOT_TAKER;EMERALDS;XIRECS;9993.0;7
452000;SUBMISSION;BOT_TAKER;EMERALDS;XIRECS;9993.0;4
452400;BOT_TAKER;BOT_MAKER;TOMATOES;XIRECS;5023.0;2
452800;BOT_TAKER;SUBMISSION;EMERALDS;XIRECS;9999.0;3
456000;BOT_TAKER;BOT_MAKER;TOMATOES;XIRECS;5023.0;2
456200;BOT_MAKER;BOT_TAKER;TOMATOES;XIRECS;5008.0;4
458500;BOT_TAKER;BOT_MAKER;TOMATOES;XIRECS;5020.0;2
463600;BOT_TAKER;BOT_MAKER;TOMATOES;XIRECS;5018.0;3
463800;BOT_TAKER;SUBMISSION;EMERALDS;XIRECS;10007.0;8
464900;BOT_TAKER;BOT_MAKER;TOMATOES;XIRECS;5016.0;2
466300;BOT_TAKER;BOT_MAKER;TOMATOES;XIRECS;5011.0;3
466600;BOT_TAKER;SUBMISSION;EMERALDS;XIRECS;10007.0;8
467400;BOT_MAKER;BOT_TAKER;TOMATOES;XIRECS;4995.0;4
471600;BOT_MAKER;BOT_TAKER;TOMATOES;XIRECS;5001.0;2
471900;BOT_MAKER;BOT_TAKER;TOMATOES;XIRECS;5000.0;2
473800;BOT_TAKER;BOT_MAKER;TOMATOES;XIRECS;5012.0;4
474000;BOT_MAKER;BOT_TAKER;TOMATOES;XIRECS;5000.0;5
474400;BOT_TAKER;BOT_MAKER;TOMATOES;XIRECS;5014.0;3
474700;BOT_MAKER;BOT_TAKER;TOMATOES;XIRECS;5000.0;3
478400;BOT_MAKER;BOT_TAKER;TOMATOES;XIRECS;5000.0;4
482400;BOT_MAKER;BOT_TAKER;TOMATOES;XIRECS;4993.0;2
483200;BOT_MAKER;BOT_TAKER;TOMATOES;XIRECS;5001.0;4
485100;BOT_TAKER;BOT_MAKER;TOMATOES;XIRECS;5004.0;5
486600;BOT_TAKER;BOT_MAKER;TOMATOES;XIRECS;5005.0;2
487400;BOT_MAKER;BOT_TAKER;TOMATOES;XIRECS;4990.0;2
490200;SUBMISSION;BOT_TAKER;EMERALDS;XIRECS;9993.0;4
490300;BOT_MAKER;BOT_TAKER;TOMATOES;XIRECS;4989.0;2
492400;BOT_TAKER;SUBMISSION;EMERALDS;XIRECS;10007.0;7
493700;BOT_TAKER;SUBMISSION;EMERALDS;XIRECS;10007.0;5
493800;BOT_MAKER;BOT_TAKER;TOMATOES;XIRECS;4986.0;4
496600;BOT_MAKER;BOT_TAKER;TOMATOES;XIRECS;4987.0;5
501100;BOT_TAKER;SUBMISSION;EMERALDS;XIRECS;10007.0;3
504100;SUBMISSION;BOT_TAKER;EMERALDS;XIRECS;9993.0;6
504200;BOT_TAKER;BOT_MAKER;TOMATOES;XIRECS;5001.0;4
505500;SUBMISSION;BOT_TAKER;EMERALDS;XIRECS;9993.0;6
508000;BOT_TAKER;SUBMISSION;EMERALDS;XIRECS;10007.0;7
508300;BOT_MAKER;BOT_TAKER;TOMATOES;XIRECS;4989.0;5
511200;BOT_TAKER;SUBMISSION;EMERALDS;XIRECS;10007.0;5
513000;BOT_TAKER;BOT_MAKER;TOMATOES;XIRECS;5006.0;2
513500;BOT_MAKER;BOT_TAKER;TOMATOES;XIRECS;4991.0;5
517900;BOT_TAKER;BOT_MAKER;TOMATOES;XIRECS;5008.0;3
519400;BOT_MAKER;BOT_TAKER;TOMATOES;XIRECS;4995.0;2
519700;BOT_MAKER;BOT_TAKER;TOMATOES;XIRECS;4994.0;3
520600;BOT_MAKER;BOT_TAKER;TOMATOES;XIRECS;5001.0;2
523600;BOT_TAKER;BOT_MAKER;TOMATOES;XIRECS;5006.0;4
524600;BOT_MAKER;BOT_TAKER;TOMATOES;XIRECS;4994.0;2
525700;BOT_MAKER;BOT_TAKER;TOMATOES;XIRECS;4995.0;5
526800;BOT_TAKER;BOT_MAKER;TOMATOES;XIRECS;5002.0;3
528100;BOT_MAKER;BOT_TAKER;TOMATOES;XIRECS;4997.0;4
532700;BOT_MAKER;BOT_TAKER;TOMATOES;XIRECS;4999.0;4
534100;SUBMISSION;BOT_TAKER;EMERALDS;XIRECS;9993.0;4
535700;BOT_TAKER;SUBMISSION;EMERALDS;XIRECS;10007.0;5
540100;BOT_TAKER;BOT_MAKER;TOMATOES;XIRECS;5008.0;2
540300;BOT_TAKER;SUBMISSION;EMERALDS;XIRECS;10007.0;7
541500;BOT_TAKER;BOT_MAKER;TOMATOES;XIRECS;5008.0;3
542700;BOT_TAKER;BOT_MAKER;TOMATOES;XIRECS;5005.0;5
545300;BOT_TAKER;BOT_MAKER;TOMATOES;XIRECS;5005.0;5
545600;BOT_TAKER;SUBMISSION;EMERALDS;XIRECS;10007.0;7
548000;SUBMISSION;BOT_TAKER;EMERALDS;XIRECS;9993.0;3
549300;BOT_TAKER;SUBMISSION;EMERALDS;XIRECS;10007.0;8
549300;BOT_TAKER;BOT_MAKER;TOMATOES;XIRECS;5015.0;3
549900;SUBMISSION;BOT_TAKER;EMERALDS;XIRECS;9993.0;3
550600;BOT_TAKER;BOT_MAKER;TOMATOES;XIRECS;5014.0;4
553000;BOT_TAKER;BOT_MAKER;TOMATOES;XIRECS;5010.0;2
554700;BOT_MAKER;BOT_TAKER;TOMATOES;XIRECS;4999.0;3
556100;BOT_TAKER;BOT_MAKER;TOMATOES;XIRECS;5010.0;3
557400;BOT_TAKER;BOT_MAKER;TOMATOES;XIRECS;5011.0;4
558100;SUBMISSION;BOT_TAKER;EMERALDS;XIRECS;9993.0;5
559400;SUBMISSION;BOT_TAKER;EMERALDS;XIRECS;9993.0;7
560300;SUBMISSION;BOT_TAKER;EMERALDS;XIRECS;9993.0;5
562000;BOT_TAKER;BOT_MAKER;TOMATOES;XIRECS;5010.0;3
562500;BOT_TAKER;BOT_MAKER;TOMATOES;XIRECS;5009.0;4
563400;SUBMISSION;BOT_TAKER;EMERALDS;XIRECS;9993.0;5
569700;BOT_TAKER;BOT_MAKER;TOMATOES;XIRECS;5008.0;5
573500;BOT_TAKER;BOT_MAKER;TOMATOES;XIRECS;5010.0;5
576300;BOT_TAKER;BOT_MAKER;TOMATOES;XIRECS;5007.0;2
580100;SUBMISSION;BOT_TAKER;EMERALDS;XIRECS;9993.0;6
582500;BOT_TAKER;BOT_MAKER;TOMATOES;XIRECS;5000.0;3
582600;SUBMISSION;BOT_TAKER;EMERALDS;XIRECS;9993.0;6
583200;SUBMISSION;BOT_TAKER;EMERALDS;XIRECS;9993.0;8
583200;BOT_TAKER;BOT_MAKER;TOMATOES;XIRECS;5002.0;5
584400;BOT_TAKER;SUBMISSION;EMERALDS;XIRECS;10007.0;5
584600;BOT_TAKER;SUBMISSION;EMERALDS;XIRECS;10007.0;6
586700;BOT_MAKER;BOT_TAKER;TOMATOES;XIRECS;4991.0;5
592700;SUBMISSION;BOT_TAKER;EMERALDS;XIRECS;9993.0;6
593300;BOT_MAKER;BOT_TAKER;TOMATOES;XIRECS;4993.0;3
597100;SUBMISSION;BOT_TAKER;EMERALDS;XIRECS;9993.0;7
598300;BOT_TAKER;BOT_MAKER;TOMATOES;XIRECS;5005.0;2
602100;SUBMISSION;BOT_TAKER;EMERALDS;XIRECS;9993.0;3
602100;BOT_TAKER;BOT_MAKER;TOMATOES;XIRECS;5005.0;3
603700;BOT_TAKER;BOT_MAKER;TOMATOES;XIRECS;5010.0;3
605500;BOT_MAKER;BOT_TAKER;TOMATOES;XIRECS;4999.0;3
605800;BOT_TAKER;BOT_MAKER;TOMATOES;XIRECS;5011.0;3
607000;SUBMISSION;BOT_TAKER;EMERALDS;XIRECS;9993.0;7
607300;BOT_TAKER;SUBMISSION;TOMATOES;XIRECS;5010.0;2
610200;BOT_MAKER;BOT_TAKER;TOMATOES;XIRECS;4999.0;4
610500;SUBMISSION;BOT_TAKER;EMERALDS;XIRECS;9993.0;5
610600;BOT_TAKER;SUBMISSION;EMERALDS;XIRECS;10007.0;7
611300;BOT_MAKER;BOT_TAKER;TOMATOES;XIRECS;5000.0;5
611900;BOT_MAKER;BOT_TAKER;TOMATOES;XIRECS;5001.0;3
612700;SUBMISSION;BOT;TOMATOES;XIRECS;5005.0;11
613500;BOT_TAKER;SUBMISSION;EMERALDS;XIRECS;10007.0;5
613800;BOT_TAKER;SUBMISSION;EMERALDS;XIRECS;10007.0;7
614900;BOT_TAKER;SUBMISSION;EMERALDS;XIRECS;10007.0;3
614900;BOT_TAKER;BOT_MAKER;TOMATOES;XIRECS;5017.0;3
615100;BOT_TAKER;BOT_MAKER;TOMATOES;XIRECS;5017.0;3
615400;BOT_MAKER;BOT_TAKER;TOMATOES;XIRECS;5006.0;4
617200;SUBMISSION;BOT_TAKER;EMERALDS;XIRECS;9993.0;7
618200;BOT_TAKER;BOT_MAKER;TOMATOES;XIRECS;5018.0;2
619000;SUBMISSION;BOT_TAKER;EMERALDS;XIRECS;9993.0;7
620200;BOT_TAKER;SUBMISSION;EMERALDS;XIRECS;10007.0;4
621200;SUBMISSION;BOT_TAKER;EMERALDS;XIRECS;9993.0;6
622200;SUBMISSION;BOT_TAKER;EMERALDS;XIRECS;9993.0;7
624900;BOT_MAKER;BOT_TAKER;TOMATOES;XIRECS;4999.0;5
626400;SUBMISSION;BOT_TAKER;EMERALDS;XIRECS;9993.0;4
626400;BOT_MAKER;BOT_TAKER;EMERALDS;XIRECS;9992.0;2
627300;BOT_MAKER;BOT_TAKER;TOMATOES;XIRECS;5002.0;5
627600;BOT_TAKER;SUBMISSION;TOMATOES;XIRECS;5012.0;2
633800;BOT_TAKER;BOT_MAKER;TOMATOES;XIRECS;5016.0;4
634400;BOT_TAKER;SUBMISSION;TOMATOES;XIRECS;5013.0;3
636900;BOT_MAKER;BOT_TAKER;TOMATOES;XIRECS;5003.0;4
639100;BOT_MAKER;BOT_TAKER;TOMATOES;XIRECS;5002.0;5
639600;BOT_TAKER;SUBMISSION;EMERALDS;XIRECS;10007.0;5
641700;BOT_TAKER;SUBMISSION;TOMATOES;XIRECS;5013.0;2
645700;BOT_MAKER;BOT_TAKER;TOMATOES;XIRECS;4994.0;2
648100;BOT_MAKER;BOT_TAKER;TOMATOES;XIRECS;4987.0;5
649000;BOT_TAKER;SUBMISSION;TOMATOES;XIRECS;4997.0;4
653300;BOT_TAKER;SUBMISSION;TOMATOES;XIRECS;4997.0;2
654200;SUBMISSION;BOT_TAKER;EMERALDS;XIRECS;9993.0;5
655300;BOT_MAKER;BOT_TAKER;EMERALDS;XIRECS;9992.0;6
656300;BOT_MAKER;BOT_TAKER;TOMATOES;XIRECS;4987.0;3
657900;BOT_MAKER;BOT_TAKER;TOMATOES;XIRECS;4983.0;3
659000;BOT_TAKER;BOT_MAKER;TOMATOES;XIRECS;4991.0;3
659000;BOT_TAKER;BOT_MAKER;TOMATOES;XIRECS;4996.0;1
660200;BOT_MAKER;BOT_TAKER;TOMATOES;XIRECS;4982.0;4
664000;BOT_MAKER;BOT_TAKER;TOMATOES;XIRECS;4986.0;3
665900;BOT_MAKER;BOT_TAKER;TOMATOES;XIRECS;4986.0;2
667500;BOT_MAKER;BOT_TAKER;TOMATOES;XIRECS;4990.0;3
670000;BOT_TAKER;SUBMISSION;TOMATOES;XIRECS;4996.0;3
671700;BOT_TAKER;SUBMISSION;EMERALDS;XIRECS;10007.0;5
679700;BOT_TAKER;SUBMISSION;TOMATOES;XIRECS;4994.0;3
681900;BOT_TAKER;BOT_MAKER;TOMATOES;XIRECS;4997.0;5
682400;BOT_MAKER;BOT_TAKER;TOMATOES;XIRECS;4984.0;5
684600;BOT_MAKER;BOT_TAKER;TOMATOES;XIRECS;4988.0;4
685900;SUBMISSION;BOT;TOMATOES;XIRECS;4994.0;5
689600;SUBMISSION;BOT;TOMATOES;XIRECS;4995.0;5
691000;BOT;SUBMISSION;TOMATOES;XIRECS;4998.0;8
691000;BOT_TAKER;SUBMISSION;TOMATOES;XIRECS;4999.0;4
696000;BOT_TAKER;SUBMISSION;TOMATOES;XIRECS;4993.0;4
696300;SUBMISSION;BOT_TAKER;EMERALDS;XIRECS;10001.0;5
697200;BOT_MAKER;BOT_TAKER;EMERALDS;XIRECS;9992.0;5
698700;BOT_MAKER;BOT_TAKER;EMERALDS;XIRECS;9992.0;7
704100;BOT_TAKER;SUBMISSION;EMERALDS;XIRECS;10007.0;6
706200;BOT_MAKER;BOT_TAKER;TOMATOES;XIRECS;4980.0;2
707000;SUBMISSION;BOT_TAKER;EMERALDS;XIRECS;9993.0;4
707500;BOT_TAKER;SUBMISSION;EMERALDS;XIRECS;10007.0;5
707700;BOT_TAKER;SUBMISSION;TOMATOES;XIRECS;4991.0;6
709400;BOT_TAKER;SUBMISSION;TOMATOES;XIRECS;4988.0;2
715700;BOT_MAKER;BOT_TAKER;TOMATOES;XIRECS;4969.0;2
715900;BOT_TAKER;SUBMISSION;TOMATOES;XIRECS;4981.0;3
720100;BOT_MAKER;BOT_TAKER;TOMATOES;XIRECS;4973.0;4
721900;BOT_MAKER;BOT_TAKER;TOMATOES;XIRECS;4974.0;5
722400;SUBMISSION;BOT_TAKER;EMERALDS;XIRECS;9993.0;6
723700;SUBMISSION;BOT_TAKER;EMERALDS;XIRECS;9993.0;1
723700;BOT_MAKER;BOT_TAKER;EMERALDS;XIRECS;9992.0;2
724400;BOT_MAKER;BOT_TAKER;TOMATOES;XIRECS;4978.0;2
724400;BOT_MAKER;BOT_TAKER;TOMATOES;XIRECS;4973.0;1
726000;BOT_TAKER;SUBMISSION;EMERALDS;XIRECS;10007.0;3
726300;SUBMISSION;BOT_TAKER;EMERALDS;XIRECS;9993.0;3
726300;BOT_MAKER;BOT_TAKER;EMERALDS;XIRECS;9992.0;1
726400;BOT_MAKER;BOT_TAKER;TOMATOES;XIRECS;4978.0;2
726400;BOT_MAKER;BOT_TAKER;TOMATOES;XIRECS;4973.0;1
728300;BOT_TAKER;SUBMISSION;EMERALDS;XIRECS;10007.0;7
728400;SUBMISSION;BOT;TOMATOES;XIRECS;4975.0;6
731400;BOT_TAKER;BOT_MAKER;TOMATOES;XIRECS;4986.0;4
732200;BOT_TAKER;SUBMISSION;TOMATOES;XIRECS;4985.0;2
732500;BOT_TAKER;SUBMISSION;EMERALDS;XIRECS;10007.0;8
733800;BOT_TAKER;SUBMISSION;TOMATOES;XIRECS;4985.0;5
735800;SUBMISSION;BOT;TOMATOES;XIRECS;4976.0;7
737100;SUBMISSION;BOT;TOMATOES;XIRECS;4977.0;6
737500;SUBMISSION;BOT_TAKER;EMERALDS;XIRECS;10001.0;7
738300;SUBMISSION;BOT_TAKER;EMERALDS;XIRECS;9993.0;3
740500;BOT_TAKER;BOT_MAKER;TOMATOES;XIRECS;4988.0;3
741600;BOT_MAKER;BOT_TAKER;TOMATOES;XIRECS;4976.0;2
743500;SUBMISSION;BOT_TAKER;EMERALDS;XIRECS;9993.0;5
743900;BOT_TAKER;SUBMISSION;TOMATOES;XIRECS;4988.0;5
744600;BOT_MAKER;BOT_TAKER;EMERALDS;XIRECS;9992.0;5
744700;BOT_TAKER;SUBMISSION;TOMATOES;XIRECS;4987.0;4
746600;BOT_MAKER;BOT_TAKER;TOMATOES;XIRECS;4980.0;5
746900;BOT_MAKER;BOT_TAKER;EMERALDS;XIRECS;9992.0;4
748700;BOT_MAKER;BOT_TAKER;TOMATOES;XIRECS;4973.0;3
748900;BOT_MAKER;BOT_TAKER;TOMATOES;XIRECS;4974.0;5
751000;BOT_MAKER;BOT_TAKER;TOMATOES;XIRECS;4972.0;5
751700;BOT_MAKER;BOT_TAKER;EMERALDS;XIRECS;9992.0;3
753700;BOT_MAKER;BOT_TAKER;TOMATOES;XIRECS;4975.0;2
758500;BOT_MAKER;BOT_TAKER;EMERALDS;XIRECS;9992.0;5
759800;BOT_MAKER;BOT_TAKER;EMERALDS;XIRECS;9992.0;5
762100;BOT_MAKER;BOT_TAKER;EMERALDS;XIRECS;9992.0;7
762300;BOT_MAKER;BOT_TAKER;EMERALDS;XIRECS;9992.0;5
764400;BOT_MAKER;BOT_TAKER;TOMATOES;XIRECS;4969.0;3
766800;BOT_MAKER;BOT_TAKER;TOMATOES;XIRECS;4967.0;5
769600;BOT_TAKER;SUBMISSION;EMERALDS;XIRECS;10007.0;3
770100;BOT_MAKER;BOT_TAKER;TOMATOES;XIRECS;4969.0;4
770900;SUBMISSION;BOT;TOMATOES;XIRECS;4974.0;3
771000;SUBMISSION;BOT_TAKER;EMERALDS;XIRECS;9993.0;3
771000;BOT_MAKER;BOT_TAKER;EMERALDS;XIRECS;9992.0;1
771500;BOT_MAKER;BOT_TAKER;TOMATOES;XIRECS;4968.0;4
774300;BOT_TAKER;BOT_MAKER;TOMATOES;XIRECS;4980.0;5
774700;BOT;SUBMISSION;TOMATOES;XIRECS;4975.0;9
779500;BOT_TAKER;SUBMISSION;TOMATOES;XIRECS;4979.0;4
781200;BOT_TAKER;SUBMISSION;TOMATOES;XIRECS;4977.0;3
785900;BOT_TAKER;SUBMISSION;TOMATOES;XIRECS;4975.0;5
786600;BOT_TAKER;SUBMISSION;EMERALDS;XIRECS;10007.0;6
791400;BOT_MAKER;BOT_TAKER;TOMATOES;XIRECS;4961.0;2
791600;BOT_MAKER;BOT_TAKER;TOMATOES;XIRECS;4961.0;3
793000;SUBMISSION;BOT_TAKER;EMERALDS;XIRECS;9993.0;5
794200;BOT_MAKER;BOT_TAKER;TOMATOES;XIRECS;4959.0;3
794400;BOT_TAKER;SUBMISSION;EMERALDS;XIRECS;10007.0;3
795100;SUBMISSION;BOT_TAKER;EMERALDS;XIRECS;9993.0;4
795100;BOT_MAKER;BOT_TAKER;EMERALDS;XIRECS;9992.0;4
795100;BOT_MAKER;BOT_TAKER;TOMATOES;XIRECS;4959.0;2
797200;BOT_MAKER;BOT_TAKER;EMERALDS;XIRECS;9992.0;5
797200;BOT_TAKER;BOT_MAKER;TOMATOES;XIRECS;4964.0;2
799200;BOT_MAKER;BOT_TAKER;TOMATOES;XIRECS;4960.0;2
799600;BOT_MAKER;BOT_TAKER;TOMATOES;XIRECS;4959.0;2
801800;BOT_TAKER;SUBMISSION;EMERALDS;XIRECS;10007.0;4
804200;BOT_MAKER;BOT_TAKER;TOMATOES;XIRECS;4952.0;5
807000;BOT_TAKER;BOT_MAKER;TOMATOES;XIRECS;4966.0;3
807400;SUBMISSION;BOT_TAKER;EMERALDS;XIRECS;9993.0;4
808000;BOT_TAKER;BOT_MAKER;TOMATOES;XIRECS;4965.0;5
810100;BOT_MAKER;BOT_TAKER;EMERALDS;XIRECS;9992.0;4
810600;BOT_TAKER;SUBMISSION;TOMATOES;XIRECS;4968.0;5
811800;BOT_MAKER;BOT_TAKER;EMERALDS;XIRECS;9992.0;6
817100;BOT_TAKER;BOT_MAKER;TOMATOES;XIRECS;4972.0;3
817500;BOT_MAKER;BOT_TAKER;EMERALDS;XIRECS;9992.0;3
818900;BOT_TAKER;SUBMISSION;TOMATOES;XIRECS;4972.0;5
820300;BOT_MAKER;BOT_TAKER;EMERALDS;XIRECS;9992.0;8
821600;BOT_MAKER;BOT_TAKER;EMERALDS;XIRECS;9992.0;7
823000;BOT_TAKER;BOT_MAKER;TOMATOES;XIRECS;4973.0;3
823800;BOT_MAKER;BOT_TAKER;TOMATOES;XIRECS;4958.0;2
826500;BOT_TAKER;SUBMISSION;EMERALDS;XIRECS;10007.0;5
827000;BOT_TAKER;BOT_MAKER;TOMATOES;XIRECS;4967.0;2
827000;BOT_TAKER;BOT_MAKER;TOMATOES;XIRECS;4973.0;3
828400;BOT_TAKER;SUBMISSION;TOMATOES;XIRECS;4972.0;5
829800;BOT_TAKER;SUBMISSION;EMERALDS;XIRECS;10007.0;4
832300;SUBMISSION;BOT_TAKER;EMERALDS;XIRECS;9993.0;5
833600;SUBMISSION;BOT_TAKER;EMERALDS;XIRECS;9993.0;4
833600;BOT_MAKER;BOT_TAKER;EMERALDS;XIRECS;9992.0;1
833700;BOT_TAKER;SUBMISSION;EMERALDS;XIRECS;10007.0;6
837000;BOT_TAKER;BOT_MAKER;TOMATOES;XIRECS;4961.0;5
837600;BOT_TAKER;BOT_MAKER;TOMATOES;XIRECS;4968.0;3
837700;BOT_TAKER;BOT_MAKER;TOMATOES;XIRECS;4967.0;5
838800;BOT_TAKER;SUBMISSION;EMERALDS;XIRECS;10007.0;4
840800;BOT;SUBMISSION;TOMATOES;XIRECS;4962.0;8
840800;BOT_TAKER;SUBMISSION;EMERALDS;XIRECS;10007.0;6
840900;BOT_MAKER;BOT_TAKER;TOMATOES;XIRECS;4954.0;4
842700;BOT_TAKER;SUBMISSION;EMERALDS;XIRECS;10007.0;5
844100;BOT_TAKER;SUBMISSION;EMERALDS;XIRECS;10007.0;8
844700;SUBMISSION;BOT;TOMATOES;XIRECS;4957.0;10
845200;BOT_TAKER;SUBMISSION;TOMATOES;XIRECS;4964.0;2
845600;SUBMISSION;BOT;TOMATOES;XIRECS;4958.0;12
846900;BOT_TAKER;BOT_MAKER;TOMATOES;XIRECS;4969.0;3
847900;SUBMISSION;BOT_TAKER;EMERALDS;XIRECS;9993.0;5
850400;SUBMISSION;BOT;TOMATOES;XIRECS;4960.0;12
850600;BOT_TAKER;SUBMISSION;EMERALDS;XIRECS;10007.0;3
852900;BOT_MAKER;BOT_TAKER;TOMATOES;XIRECS;4956.0;4
853100;BOT_TAKER;BOT_MAKER;TOMATOES;XIRECS;4969.0;3
854900;BOT_MAKER;BOT_TAKER;TOMATOES;XIRECS;4956.0;4
855100;SUBMISSION;BOT_TAKER;EMERALDS;XIRECS;9993.0;5
859500;SUBMISSION;BOT;TOMATOES;XIRECS;4958.0;5
863400;BOT_MAKER;BOT_TAKER;TOMATOES;XIRECS;4953.0;4
867000;BOT_TAKER;SUBMISSION;TOMATOES;XIRECS;4963.0;4
867800;BOT_TAKER;SUBMISSION;TOMATOES;XIRECS;4967.0;4
868400;SUBMISSION;BOT_TAKER;EMERALDS;XIRECS;9993.0;5
868500;BOT_MAKER;BOT_TAKER;TOMATOES;XIRECS;4958.0;3
869600;BOT_TAKER;SUBMISSION;EMERALDS;XIRECS;10007.0;6
869900;BOT_TAKER;SUBMISSION;TOMATOES;XIRECS;4969.0;5
871800;SUBMISSION;BOT_TAKER;EMERALDS;XIRECS;9993.0;6
872400;BOT_MAKER;BOT_TAKER;TOMATOES;XIRECS;4960.0;4
872800;SUBMISSION;BOT_TAKER;EMERALDS;XIRECS;9993.0;6
873300;BOT_TAKER;BOT_MAKER;TOMATOES;XIRECS;4971.0;4
873800;SUBMISSION;BOT_TAKER;EMERALDS;XIRECS;9993.0;4
873800;BOT_MAKER;BOT_TAKER;TOMATOES;XIRECS;4956.0;3
874500;BOT_MAKER;BOT_TAKER;TOMATOES;XIRECS;4955.0;5
880300;BOT_TAKER;SUBMISSION;EMERALDS;XIRECS;10007.0;5
882100;BOT_MAKER;BOT_TAKER;TOMATOES;XIRECS;4954.0;4
883400;BOT_TAKER;SUBMISSION;TOMATOES;XIRECS;4966.0;4
885100;BOT_TAKER;SUBMISSION;TOMATOES;XIRECS;4967.0;3
885200;BOT_TAKER;SUBMISSION;TOMATOES;XIRECS;4967.0;4
887100;BOT_MAKER;BOT_TAKER;TOMATOES;XIRECS;4955.0;2
887500;BOT_MAKER;BOT_TAKER;TOMATOES;XIRECS;4954.0;5
888400;SUBMISSION;BOT;TOMATOES;XIRECS;4958.0;8
889000;BOT_MAKER;BOT_TAKER;TOMATOES;XIRECS;4953.0;2
892700;BOT_MAKER;BOT_TAKER;TOMATOES;XIRECS;4955.0;5
893700;BOT_MAKER;BOT_TAKER;TOMATOES;XIRECS;4957.0;5
894300;BOT_TAKER;SUBMISSION;EMERALDS;XIRECS;10007.0;4
895000;BOT_TAKER;SUBMISSION;TOMATOES;XIRECS;4965.0;3
897400;SUBMISSION;BOT;TOMATOES;XIRECS;4962.0;11
897900;BOT_TAKER;SUBMISSION;EMERALDS;XIRECS;10007.0;8
898400;BOT_TAKER;BOT_MAKER;TOMATOES;XIRECS;4969.0;5
898700;BOT_MAKER;BOT_TAKER;TOMATOES;XIRECS;4955.0;4
898800;BOT_MAKER;BOT_TAKER;TOMATOES;XIRECS;4954.0;4
899200;BOT_MAKER;BOT_TAKER;TOMATOES;XIRECS;4955.0;3
900700;BOT_TAKER;BOT_MAKER;TOMATOES;XIRECS;4971.0;3
901400;BOT_TAKER;SUBMISSION;TOMATOES;XIRECS;4967.0;4
902300;BOT_TAKER;BOT_MAKER;TOMATOES;XIRECS;4968.0;4
902400;BOT_TAKER;BOT_MAKER;TOMATOES;XIRECS;4968.0;3
903000;BOT_TAKER;SUBMISSION;EMERALDS;XIRECS;10007.0;3
903400;SUBMISSION;BOT_TAKER;EMERALDS;XIRECS;9993.0;6
905100;BOT_TAKER;BOT_MAKER;TOMATOES;XIRECS;4966.0;5
908400;BOT_TAKER;SUBMISSION;EMERALDS;XIRECS;10007.0;8
909800;BOT_TAKER;BOT_MAKER;TOMATOES;XIRECS;4965.0;2
910200;BOT_TAKER;SUBMISSION;TOMATOES;XIRECS;4968.0;4
910600;BOT_TAKER;SUBMISSION;EMERALDS;XIRECS;10007.0;5
913900;BOT_MAKER;BOT_TAKER;TOMATOES;XIRECS;4958.0;4
914100;BOT_TAKER;BOT_MAKER;TOMATOES;XIRECS;4972.0;5
915100;BOT_MAKER;BOT_TAKER;TOMATOES;XIRECS;4958.0;3
915600;SUBMISSION;BOT_TAKER;EMERALDS;XIRECS;9993.0;7
916600;BOT_TAKER;SUBMISSION;EMERALDS;XIRECS;9999.0;8
917100;BOT_TAKER;SUBMISSION;TOMATOES;XIRECS;4970.0;4
918700;BOT_TAKER;SUBMISSION;EMERALDS;XIRECS;10007.0;5
921700;BOT_MAKER;BOT_TAKER;TOMATOES;XIRECS;4965.0;2
933400;BOT_TAKER;BOT_MAKER;TOMATOES;XIRECS;4989.0;3
936000;BOT_TAKER;BOT_MAKER;TOMATOES;XIRECS;4990.0;5
938500;BOT;SUBMISSION;TOMATOES;XIRECS;4987.0;10
939800;SUBMISSION;BOT_TAKER;EMERALDS;XIRECS;9993.0;5
939900;BOT_TAKER;SUBMISSION;EMERALDS;XIRECS;10007.0;4
940900;BOT_TAKER;BOT_MAKER;TOMATOES;XIRECS;4990.0;2
942400;BOT_MAKER;BOT_TAKER;TOMATOES;XIRECS;4976.0;4
943500;BOT_MAKER;BOT_TAKER;TOMATOES;XIRECS;4976.0;4
943800;BOT_TAKER;SUBMISSION;EMERALDS;XIRECS;10007.0;3
944300;BOT_MAKER;BOT_TAKER;TOMATOES;XIRECS;4976.0;5
945300;BOT_TAKER;SUBMISSION;TOMATOES;XIRECS;4989.0;5
950200;BOT_TAKER;BOT_MAKER;TOMATOES;XIRECS;4987.0;2
950300;BOT_TAKER;SUBMISSION;TOMATOES;XIRECS;4987.0;4
951000;BOT_TAKER;BOT_MAKER;TOMATOES;XIRECS;4987.0;2
952000;BOT_TAKER;SUBMISSION;TOMATOES;XIRECS;4988.0;4
953000;BOT_TAKER;BOT_MAKER;TOMATOES;XIRECS;4990.0;2
953100;BOT_TAKER;BOT_MAKER;TOMATOES;XIRECS;4989.0;2
953400;BOT_MAKER;BOT_TAKER;TOMATOES;XIRECS;4984.0;4
955000;BOT_MAKER;BOT_TAKER;TOMATOES;XIRECS;4979.0;4
957100;BOT_TAKER;SUBMISSION;EMERALDS;XIRECS;10007.0;8
959600;BOT_TAKER;SUBMISSION;EMERALDS;XIRECS;10007.0;5
959800;BOT_MAKER;BOT_TAKER;TOMATOES;XIRECS;4980.0;4
960800;BOT_TAKER;SUBMISSION;EMERALDS;XIRECS;10007.0;3
960900;BOT_TAKER;SUBMISSION;EMERALDS;XIRECS;10007.0;6
962600;BOT_TAKER;SUBMISSION;EMERALDS;XIRECS;10007.0;5
963100;BOT_MAKER;BOT_TAKER;TOMATOES;XIRECS;4985.0;3
963800;BOT_TAKER;SUBMISSION;EMERALDS;XIRECS;10007.0;4
963900;BOT_TAKER;BOT_MAKER;TOMATOES;XIRECS;4997.0;2
966600;SUBMISSION;BOT_TAKER;EMERALDS;XIRECS;9993.0;6
967300;BOT_MAKER;BOT_TAKER;TOMATOES;XIRECS;4983.0;3
967400;BOT_TAKER;BOT_MAKER;TOMATOES;XIRECS;4996.0;4
968400;BOT_TAKER;BOT_MAKER;TOMATOES;XIRECS;4996.0;6
970900;BOT_TAKER;BOT_MAKER;TOMATOES;XIRECS;4994.0;4
975100;BOT_TAKER;SUBMISSION;EMERALDS;XIRECS;10007.0;6
975100;BOT_MAKER;BOT_TAKER;TOMATOES;XIRECS;4981.0;5
976300;SUBMISSION;BOT_TAKER;TOMATOES;XIRECS;4980.0;3
983800;BOT_TAKER;BOT_MAKER;TOMATOES;XIRECS;4997.0;3
985500;BOT_MAKER;BOT_TAKER;TOMATOES;XIRECS;4987.0;4
986400;BOT_MAKER;BOT_TAKER;TOMATOES;XIRECS;4987.0;3
995000;BOT_TAKER;SUBMISSION;EMERALDS;XIRECS;10007.0;4
996900;BOT_MAKER;BOT_TAKER;TOMATOES;XIRECS;4978.0;2
