timestamp;buyer;seller;symbol;currency;price;quantity
5300;BOT_MAKER;BOT_TAKER;TOMATOES;XIRECS;4994.0;5
6500;BOT_TAKER;SUBMISSION;EMERALDS;XIRECS;10007.0;3
8000;BOT_TAKER;SUBMISSION;TOMATOES;XIRECS;5007.0;2
8100;BOT_TAKER;SUBMISSION;TOMATOES;XIRECS;5007.0;4
8600;BOT_MAKER;BOT_TAKER;TOMATOES;XIRECS;4995.0;5
8800;BOT_MAKER;BOT_TAKER;TOMATOES;XIRECS;4995.0;3
13400;BOT_TAKER;BOT_MAKER;TOMATOES;XIRECS;5004.0;4
14400;BOT_MAKER;BOT_TAKER;TOMATOES;XIRECS;4989.0;2
16300;BOT_TAKER;SUBMISSION;EMERALDS;XIRECS;10007.0;8
16500;BOT_TAKER;SUBMISSION;EMERALDS;XIRECS;10007.0;4
17600;BOT_MAKER;BOT_TAKER;TOMATOES;XIRECS;4993.0;2
18000;BOT_MAKER;BOT_TAKER;TOMATOES;XIRECS;4993.0;3
19400;BOT_TAKER;BOT_MAKER;TOMATOES;XIRECS;5005.0;2
20400;BOT_TAKER;BOT_MAKER;TOMATOES;XIRECS;5005.0;5
23000;SUBMISSION;BOT;TOMATOES;XIRECS;4996.0;8
23500;SUBMISSION;BOT;TOMATOES;XIRECS;4996.0;9
25100;BOT_TAKER;BOT_MAKER;TOMATOES;XIRECS;5002.0;4
25500;BOT_MAKER;BOT_TAKER;TOMATOES;XIRECS;4989.0;3
25600;BOT_TAKER;SUBMISSION;TOMATOES;XIRECS;5002.0;4
27900;BOT_TAKER;SUBMISSION;EMERALDS;XIRECS;10007.0;3
29500;BOT_TAKER;SUBMISSION;TOMATOES;XIRECS;5004.0;4
30500;BOT_TAKER;BOT_MAKER;TOMATOES;XIRECS;5003.0;2
34800;BOT_TAKER;SUBMISSION;EMERALDS;XIRECS;10007.0;4
34900;BOT_MAKER;BOT_TAKER;TOMATOES;XIRECS;4985.0;3
42800;BOT_TAKER;BOT_MAKER;TOMATOES;XIRECS;4996.0;3
49500;SUBMISSION;BOT_TAKER;EMERALDS;XIRECS;9993.0;5
49900;BOT_TAKER;SUBMISSION;EMERALDS;XIRECS;10007.0;8
50300;BOT_MAKER;BOT_TAKER;TOMATOES;XIRECS;4985.0;2
50300;SUBMISSION;BOT_TAKER;TOMATOES;XIRECS;4984.0;3
52200;BOT_TAKER;SUBMISSION;EMERALDS;XIRECS;10007.0;4
52400;BOT_MAKER;BOT_TAKER;TOMATOES;XIRECS;4980.0;2
54700;SUBMISSION;BOT_TAKER;EMERALDS;XIRECS;9993.0;5
56200;BOT_TAKER;BOT_MAKER;TOMATOES;XIRECS;4992.0;3
57500;SUBMISSION;BOT_TAKER;EMERALDS;XIRECS;9993.0;4
58600;SUBMISSION;BOT;TOMATOES;XIRECS;4983.0;9
58700;SUBMISSION;BOT_TAKER;EMERALDS;XIRECS;9993.0;7
59600;BOT_MAKER;BOT_TAKER;TOMATOES;XIRECS;4978.0;2
60800;BOT_TAKER;SUBMISSION;TOMATOES;XIRECS;4990.0;4
62200;SUBMISSION;BOT_TAKER;EMERALDS;XIRECS;9993.0;7
63600;BOT_MAKER;BOT_TAKER;TOMATOES;XIRECS;4980.0;5
64400;BOT_TAKER;SUBMISSION;TOMATOES;XIRECS;4991.0;5
66800;SUBMISSION;BOT_TAKER;TOMATOES;XIRECS;4974.0;3
67100;BOT_TAKER;SUBMISSION;EMERALDS;XIRECS;10007.0;8
69700;BOT_TAKER;BOT_MAKER;TOMATOES;XIRECS;4987.0;2
72500;BOT_TAKER;SUBMISSION;EMERALDS;XIRECS;10007.0;7
74100;BOT_TAKER;BOT_MAKER;TOMATOES;XIRECS;4986.0;4
75000;SUBMISSION;BOT;TOMATOES;XIRECS;4976.0;5
75100;BOT_TAKER;SUBMISSION;EMERALDS;XIRECS;10007.0;4
76000;BOT_TAKER;BOT_MAKER;TOMATOES;XIRECS;4984.0;2
77300;BOT_MAKER;BOT_TAKER;TOMATOES;XIRECS;4970.0;3
78000;SUBMISSION;BOT;TOMATOES;XIRECS;4974.0;6
79600;BOT_TAKER;SUBMISSION;TOMATOES;XIRECS;4981.0;4
83600;SUBMISSION;BOT_TAKER;EMERALDS;XIRECS;9993.0;6
84200;BOT_TAKER;BOT_MAKER;TOMATOES;XIRECS;4980.0;5
87500;BOT_MAKER;BOT_TAKER;TOMATOES;XIRECS;4967.0;3
88200;BOT_TAKER;SUBMISSION;TOMATOES;XIRECS;4977.0;4
89000;BOT;SUBMISSION;TOMATOES;XIRECS;4974.0;10
90200;BOT_TAKER;SUBMISSION;TOMATOES;XIRECS;4979.0;2
91100;BOT_MAKER;BOT_TAKER;TOMATOES;XIRECS;4969.0;4
95800;BOT_TAKER;SUBMISSION;TOMATOES;XIRECS;4987.0;5
97800;BOT_TAKER;BOT_MAKER;TOMATOES;XIRECS;4992.0;4
98000;BOT_TAKER;SUBMISSION;EMERALDS;XIRECS;10007.0;6
103000;SUBMISSION;BOT_TAKER;EMERALDS;XIRECS;9993.0;4
103100;BOT_TAKER;SUBMISSION;TOMATOES;XIRECS;4998.0;3
104300;BOT_TAKER;SUBMISSION;EMERALDS;XIRECS;10007.0;4
104300;BOT_TAKER;BOT_MAKER;TOMATOES;XIRECS;5000.0;5
106300;BOT_MAKER;BOT_TAKER;TOMATOES;XIRECS;4987.0;3
107200;BOT_TAKER;SUBMISSION;TOMATOES;XIRECS;4999.0;3
107500;SUBMISSION;BOT_TAKER;EMERALDS;XIRECS;9993.0;6
108300;SUBMISSION;BOT_TAKER;TOMATOES;XIRECS;4986.0;5
111500;BOT_TAKER;BOT_MAKER;TOMATOES;XIRECS;4996.0;2
111700;SUBMISSION;BOT_TAKER;EMERALDS;XIRECS;9993.0;3
113800;BOT_TAKER;BOT_MAKER;TOMATOES;XIRECS;4993.0;2
114500;BOT_TAKER;BOT_MAKER;TOMATOES;XIRECS;4997.0;2
114600;BOT_MAKER;BOT_TAKER;TOMATOES;XIRECS;4984.0;5
115100;BOT_TAKER;BOT_MAKER;TOMATOES;XIRECS;4997.0;2
116000;SUBMISSION;BOT_TAKER;TOMATOES;XIRECS;4984.0;2
119000;BOT_MAKER;BOT_TAKER;TOMATOES;XIRECS;4978.0;4
119200;BOT_MAKER;BOT_TAKER;TOMATOES;XIRECS;4978.0;4
120100;BOT_TAKER;SUBMISSION;TOMATOES;XIRECS;4991.0;4
122600;BOT_TAKER;BOT_MAKER;TOMATOES;XIRECS;4991.0;2
124500;BOT_MAKER;BOT_TAKER;TOMATOES;XIRECS;4977.0;2
125400;BOT_MAKER;BOT_TAKER;TOMATOES;XIRECS;4977.0;5
126300;BOT_TAKER;SUBMISSION;EMERALDS;XIRECS;10007.0;5
128200;SUBMISSION;BOT_TAKER;EMERALDS;XIRECS;9993.0;5
129600;BOT_TAKER;SUBMISSION;EMERALDS;XIRECS;10007.0;5
131000;SUBMISSION;BOT_TAKER;TOMATOES;XIRECS;4976.0;3
131300;BOT_MAKER;BOT_TAKER;TOMATOES;XIRECS;4975.0;5
132400;BOT_TAKER;SUBMISSION;TOMATOES;XIRECS;4989.0;4
135000;SUBMISSION;BOT_TAKER;EMERALDS;XIRECS;9993.0;5
138000;BOT_TAKER;BOT_MAKER;TOMATOES;XIRECS;4994.0;2
138800;BOT_TAKER;SUBMISSION;EMERALDS;XIRECS;10007.0;3
140000;BOT_TAKER;BOT_MAKER;TOMATOES;XIRECS;4993.0;4
141500;BOT_MAKER;BOT_TAKER;TOMATOES;XIRECS;4980.0;5
143000;BOT_MAKER;BOT_TAKER;TOMATOES;XIRECS;4980.0;5
143800;SUBMISSION;BOT_TAKER;EMERALDS;XIRECS;9993.0;3
144000;SUBMISSION;BOT_TAKER;TOMATOES;XIRECS;4979.0;2
145300;BOT_MAKER;BOT_TAKER;TOMATOES;XIRECS;4973.0;3
151300;SUBMISSION;BOT_TAKER;EMERALDS;XIRECS;9993.0;6
151900;BOT_TAKER;BOT_MAKER;TOMATOES;XIRECS;4994.0;3
153200;BOT_TAKER;SUBMISSION;EMERALDS;XIRECS;10007.0;3
154000;BOT_TAKER;SUBMISSION;EMERALDS;XIRECS;10007.0;7
155300;SUBMISSION;BOT_TAKER;EMERALDS;XIRECS;9993.0;6
156100;SUBMISSION;BOT_TAKER;EMERALDS;XIRECS;9993.0;6
156500;SUBMISSION;BOT_TAKER;EMERALDS;XIRECS;9993.0;4
156600;BOT_TAKER;BOT_MAKER;TOMATOES;XIRECS;4989.0;4
157300;BOT_MAKER;BOT_TAKER;TOMATOES;XIRECS;4975.0;3
158800;BOT_MAKER;BOT_TAKER;TOMATOES;XIRECS;4977.0;2
158900;BOT_TAKER;SUBMISSION;EMERALDS;XIRECS;10007.0;8
159600;BOT_MAKER;BOT_TAKER;TOMATOES;XIRECS;4977.0;3
159800;BOT_TAKER;SUBMISSION;TOMATOES;XIRECS;4990.0;5
162700;BOT_MAKER;BOT_TAKER;TOMATOES;XIRECS;4978.0;4
165400;BOT_MAKER;BOT_TAKER;TOMATOES;XIRECS;4980.0;2
166000;BOT_TAKER;BOT_MAKER;TOMATOES;XIRECS;4987.0;3
167400;BOT_TAKER;SUBMISSION;TOMATOES;XIRECS;4998.0;4
167700;BOT_TAKER;BOT_MAKER;TOMATOES;XIRECS;4999.0;2
168600;BOT_TAKER;BOT_MAKER;TOMATOES;XIRECS;5000.0;3
170500;BOT_MAKER;BOT_TAKER;TOMATOES;XIRECS;4994.0;2
173400;SUBMISSION;BOT_TAKER;TOMATOES;XIRECS;4988.0;2
174400;BOT_TAKER;BOT_MAKER;TOMATOES;XIRECS;4999.0;3
174900;BOT_MAKER;BOT_TAKER;TOMATOES;XIRECS;4986.0;5
176800;BOT_MAKER;BOT_TAKER;TOMATOES;XIRECS;4992.0;3
178000;BOT_TAKER;BOT_MAKER;TOMATOES;XIRECS;5006.0;5
183200;SUBMISSION;BOT_TAKER;TOMATOES;XIRECS;4985.0;3
183600;BOT_MAKER;BOT_TAKER;TOMATOES;XIRECS;4985.0;2
185000;SUBMISSION;BOT_TAKER;TOMATOES;XIRECS;4988.0;3
185500;BOT_TAKER;SUBMISSION;EMERALDS;XIRECS;10007.0;7
186600;SUBMISSION;BOT_TAKER;TOMATOES;XIRECS;4983.0;5
188800;SUBMISSION;BOT_TAKER;EMERALDS;XIRECS;9993.0;6
191700;BOT_TAKER;SUBMISSION;EMERALDS;XIRECS;10007.0;6
193300;SUBMISSION;BOT_TAKER;EMERALDS;XIRECS;9993.0;5
193600;BOT_TAKER;BOT_MAKER;TOMATOES;XIRECS;4999.0;4
193800;BOT_TAKER;SUBMISSION;EMERALDS;XIRECS;10007.0;4
193800;BOT_MAKER;BOT_TAKER;TOMATOES;XIRECS;4986.0;4
195200;BOT_TAKER;BOT_MAKER;TOMATOES;XIRECS;4998.0;3
195900;BOT_MAKER;BOT_TAKER;TOMATOES;XIRECS;4984.0;3
198500;BOT_TAKER;BOT_MAKER;TOMATOES;XIRECS;4997.0;4
200400;BOT;SUBMISSION;TOMATOES;XIRECS;4990.0;6
200800;BOT_MAKER;BOT_TAKER;TOMATOES;XIRECS;4983.0;2
201100;BOT_TAKER;SUBMISSION;TOMATOES;XIRECS;4996.0;5
201200;SUBMISSION;BOT_TAKER;EMERALDS;XIRECS;9993.0;4
204300;BOT_TAKER;BOT_MAKER;TOMATOES;XIRECS;4998.0;2
205400;BOT_TAKER;SUBMISSION;EMERALDS;XIRECS;10007.0;6
206100;BOT_TAKER;BOT_MAKER;TOMATOES;XIRECS;4998.0;3
206300;BOT_TAKER;BOT_MAKER;TOMATOES;XIRECS;4996.0;3
207400;SUBMISSION;BOT_TAKER;EMERALDS;XIRECS;9993.0;7
207700;SUBMISSION;BOT_TAKER;EMERALDS;XIRECS;9993.0;5
208600;SUBMISSION;BOT;TOMATOES;XIRECS;4986.0;7
210400;BOT_MAKER;BOT_TAKER;TOMATOES;XIRECS;4978.0;5
211300;BOT_TAKER;SUBMISSION;EMERALDS;XIRECS;10007.0;5
214500;BOT_TAKER;SUBMISSION;EMERALDS;XIRECS;10007.0;7
215400;BOT_TAKER;SUBMISSION;EMERALDS;XIRECS;10007.0;8
215800;BOT_MAKER;BOT_TAKER;TOMATOES;XIRECS;4981.0;2
217900;BOT_TAKER;SUBMISSION;EMERALDS;XIRECS;10007.0;6
227400;BOT_TAKER;BOT_MAKER;TOMATOES;XIRECS;4986.0;4
229700;BOT_MAKER;BOT_TAKER;TOMATOES;XIRECS;4972.0;5
229800;BOT_TAKER;BOT_MAKER;TOMATOES;XIRECS;4985.0;5
233100;SUBMISSION;BOT_TAKER;TOMATOES;XIRECS;4971.0;3
234000;BOT_TAKER;SUBMISSION;EMERALDS;XIRECS;10007.0;3
234000;BOT_TAKER;BOT_MAKER;TOMATOES;XIRECS;4983.0;5
234100;BOT_TAKER;SUBMISSION;EMERALDS;XIRECS;10007.0;6
235400;BOT_TAKER;SUBMISSION;EMERALDS;XIRECS;10007.0;3
235700;BOT_MAKER;BOT_TAKER;TOMATOES;XIRECS;4972.0;4
236200;BOT_MAKER;BOT_TAKER;TOMATOES;XIRECS;4971.0;2
236500;BOT_TAKER;BOT_MAKER;TOMATOES;XIRECS;4984.0;4
238800;BOT_MAKER;BOT_TAKER;TOMATOES;XIRECS;4976.0;3
239000;SUBMISSION;BOT_TAKER;EMERALDS;XIRECS;9993.0;6
239700;BOT_TAKER;BOT_MAKER;TOMATOES;XIRECS;4983.0;3
241700;BOT_TAKER;BOT_MAKER;TOMATOES;XIRECS;4978.0;4
242000;BOT_MAKER;BOT_TAKER;TOMATOES;XIRECS;4965.0;4
242300;BOT_TAKER;BOT_MAKER;TOMATOES;XIRECS;4978.0;6
244900;SUBMISSION;BOT_TAKER;TOMATOES;XIRECS;4964.0;4
250000;BOT_TAKER;SUBMISSION;TOMATOES;XIRECS;4973.0;3
252800;SUBMISSION;BOT_TAKER;TOMATOES;XIRECS;4962.0;3
253700;BOT_MAKER;BOT_TAKER;TOMATOES;XIRECS;4959.0;2
254000;BOT_TAKER;SUBMISSION;EMERALDS;XIRECS;10007.0;8
258200;BOT_TAKER;SUBMISSION;EMERALDS;XIRECS;10007.0;7
261800;SUBMISSION;BOT_TAKER;EMERALDS;XIRECS;9993.0;4
263900;BOT_MAKER;BOT_TAKER;TOMATOES;XIRECS;4961.0;2
264900;BOT_MAKER;BOT_TAKER;TOMATOES;XIRECS;4960.0;3
265600;BOT_MAKER;BOT_TAKER;TOMATOES;XIRECS;4960.0;2
266200;BOT_TAKER;BOT_MAKER;TOMATOES;XIRECS;4974.0;3
267600;BOT_TAKER;BOT_MAKER;TOMATOES;XIRECS;4972.0;5
268100;BOT_MAKER;BOT_TAKER;TOMATOES;XIRECS;4959.0;2
268900;BOT_MAKER;BOT_TAKER;TOMATOES;XIRECS;4958.0;3
269200;BOT_TAKER;SUBMISSION;EMERALDS;XIRECS;10007.0;3
269800;SUBMISSION;BOT_TAKER;EMERALDS;XIRECS;9993.0;7
270000;BOT_MAKER;BOT_TAKER;TOMATOES;XIRECS;4956.0;2
272700;SUBMISSION;BOT_TAKER;EMERALDS;XIRECS;9993.0;6
274600;BOT_TAKER;SUBMISSION;EMERALDS;XIRECS;10007.0;6
276800;BOT_MAKER;BOT_TAKER;TOMATOES;XIRECS;4948.0;3
279500;BOT_TAKER;BOT_MAKER;TOMATOES;XIRECS;4963.0;3
279900;BOT_MAKER;BOT_TAKER;TOMATOES;XIRECS;4951.0;3
280200;BOT_TAKER;BOT_MAKER;TOMATOES;XIRECS;4965.0;2
281800;SUBMISSION;BOT;TOMATOES;XIRECS;4957.0;7
286100;BOT_TAKER;SUBMISSION;EMERALDS;XIRECS;10007.0;7
286200;BOT_TAKER;SUBMISSION;EMERALDS;XIRECS;10007.0;4
286800;BOT_MAKER;BOT_TAKER;TOMATOES;XIRECS;4954.0;3
288100;BOT_TAKER;SUBMISSION;TOMATOES;XIRECS;4965.0;5
288400;BOT_TAKER;BOT_MAKER;TOMATOES;XIRECS;4965.0;2
289800;BOT_TAKER;SUBMISSION;TOMATOES;XIRECS;4962.0;4
292300;BOT_MAKER;BOT_TAKER;TOMATOES;XIRECS;4957.0;3
292300;SUBMISSION;BOT_TAKER;TOMATOES;XIRECS;4955.0;2
300400;SUBMISSION;BOT;TOMATOES;XIRECS;4950.0;12
304000;BOT_TAKER;SUBMISSION;TOMATOES;XIRECS;4953.0;5
310600;BOT_MAKER;BOT_TAKER;TOMATOES;XIRECS;4943.0;2
311300;BOT_MAKER;BOT_TAKER;TOMATOES;XIRECS;4944.0;4
315800;BOT_TAKER;BOT_MAKER;TOMATOES;XIRECS;4953.0;3
316900;SUBMISSION;BOT;TOMATOES;XIRECS;4944.0;11
317500;BOT_TAKER;SUBMISSION;EMERALDS;XIRECS;10007.0;8
318500;SUBMISSION;BOT_TAKER;EMERALDS;XIRECS;9993.0;7
319300;SUBMISSION;BOT_TAKER;EMERALDS;XIRECS;9993.0;7
320300;SUBMISSION;BOT_TAKER;EMERALDS;XIRECS;9993.0;7
321700;BOT_MAKER;BOT_TAKER;TOMATOES;XIRECS;4941.0;3
322600;BOT_MAKER;BOT_TAKER;TOMATOES;XIRECS;4941.0;5
322700;BOT_TAKER;SUBMISSION;EMERALDS;XIRECS;10007.0;3
323300;BOT_MAKER;BOT_TAKER;TOMATOES;XIRECS;4940.0;4
323700;BOT_TAKER;SUBMISSION;EMERALDS;XIRECS;10007.0;6
324800;BOT_MAKER;BOT_TAKER;TOMATOES;XIRECS;4939.0;2
325000;BOT_TAKER;BOT_MAKER;TOMATOES;XIRECS;4951.0;4
326100;BOT_TAKER;BOT_MAKER;TOMATOES;XIRECS;4945.0;5
327200;BOT_TAKER;SUBMISSION;EMERALDS;XIRECS;10007.0;3
329800;BOT_TAKER;SUBMISSION;EMERALDS;XIRECS;10007.0;5
331000;BOT;SUBMISSION;TOMATOES;XIRECS;4948.0;5
331100;BOT_MAKER;BOT_TAKER;TOMATOES;XIRECS;4940.0;3
332800;BOT_MAKER;BOT_TAKER;TOMATOES;XIRECS;4938.0;3
334100;BOT_TAKER;SUBMISSION;EMERALDS;XIRECS;10007.0;6
334200;BOT_MAKER;BOT_TAKER;TOMATOES;XIRECS;4941.0;5
335200;BOT_MAKER;BOT_TAKER;TOMATOES;XIRECS;4942.0;4
336500;BOT;SUBMISSION;TOMATOES;XIRECS;4949.0;8
336800;BOT_TAKER;BOT_MAKER;TOMATOES;XIRECS;4955.0;5
338700;SUBMISSION;BOT_TAKER;EMERALDS;XIRECS;9993.0;4
342000;BOT_TAKER;BOT_MAKER;TOMATOES;XIRECS;4950.0;3
342000;BOT_TAKER;BOT_MAKER;TOMATOES;XIRECS;4956.0;2
343700;BOT_TAKER;BOT_MAKER;TOMATOES;XIRECS;4957.0;3
350900;BOT;SUBMISSION;TOMATOES;XIRECS;4951.0;8
352700;BOT_TAKER;BOT_MAKER;TOMATOES;XIRECS;4958.0;3
354500;SUBMISSION;BOT_TAKER;EMERALDS;XIRECS;9993.0;6
358300;BOT_MAKER;BOT_TAKER;TOMATOES;XIRECS;4952.0;3
359000;SUBMISSION;BOT;TOMATOES;XIRECS;4957.0;5
361400;BOT_TAKER;BOT_MAKER;TOMATOES;XIRECS;4963.0;4
362700;BOT_MAKER;BOT_TAKER;TOMATOES;XIRECS;4948.0;3
363000;BOT_MAKER;BOT_TAKER;TOMATOES;XIRECS;4948.0;2
368800;SUBMISSION;BOT_TAKER;TOMATOES;XIRECS;4952.0;5
370100;BOT_TAKER;BOT_MAKER;TOMATOES;XIRECS;4967.0;2
370200;BOT_TAKER;BOT_MAKER;TOMATOES;XIRECS;4967.0;2
372200;BOT_MAKER;BOT_TAKER;TOMATOES;XIRECS;4954.0;4
372600;BOT_TAKER;SUBMISSION;TOMATOES;XIRECS;4966.0;5
373800;BOT_MAKER;BOT_TAKER;TOMATOES;XIRECS;4956.0;2
376100;BOT_TAKER;BOT_MAKER;TOMATOES;XIRECS;4970.0;4
377000;SUBMISSION;BOT;TOMATOES;XIRECS;4962.0;7
380100;BOT_TAKER;SUBMISSION;EMERALDS;XIRECS;10007.0;8
380200;SUBMISSION;BOT_TAKER;EMERALDS;XIRECS;9993.0;5
380600;SUBMISSION;BOT_TAKER;EMERALDS;XIRECS;9993.0;5
380600;BOT_MAKER;BOT_TAKER;TOMATOES;XIRECS;4955.0;3
383500;BOT_TAKER;BOT_MAKER;TOMATOES;XIRECS;4966.0;2
384800;BOT_MAKER;BOT_TAKER;TOMATOES;XIRECS;4955.0;5
385500;BOT_TAKER;SUBMISSION;EMERALDS;XIRECS;10007.0;6
390300;SUBMISSION;BOT_TAKER;EMERALDS;XIRECS;9993.0;6
391400;SUBMISSION;BOT_TAKER;TOMATOES;XIRECS;4965.0;2
396500;SUBMISSION;BOT_TAKER;EMERALDS;XIRECS;9993.0;3
398300;BOT_TAKER;SUBMISSION;EMERALDS;XIRECS;10007.0;5
405400;BOT_TAKER;SUBMISSION;TOMATOES;XIRECS;4983.0;2
406700;BOT_MAKER;BOT_TAKER;TOMATOES;XIRECS;4972.0;2
407400;BOT_MAKER;BOT_TAKER;TOMATOES;XIRECS;4972.0;4
409500;BOT_TAKER;SUBMISSION;EMERALDS;XIRECS;10007.0;8
409700;BOT_MAKER;BOT_TAKER;TOMATOES;XIRECS;4973.0;2
410400;BOT_MAKER;BOT_TAKER;TOMATOES;XIRECS;4974.0;2
412000;SUBMISSION;BOT_TAKER;TOMATOES;XIRECS;4971.0;4
416500;BOT_TAKER;SUBMISSION;EMERALDS;XIRECS;10007.0;8
417700;SUBMISSION;BOT;TOMATOES;XIRECS;4972.0;11
418100;BOT_TAKER;SUBMISSION;TOMATOES;XIRECS;4979.0;5
418500;SUBMISSION;BOT;TOMATOES;XIRECS;4972.0;7
418900;SUBMISSION;BOT_TAKER;EMERALDS;XIRECS;9993.0;8
419100;BOT_MAKER;BOT_TAKER;TOMATOES;XIRECS;4965.0;4
421300;BOT_TAKER;BOT_MAKER;TOMATOES;XIRECS;4977.0;3
421500;BOT_TAKER;BOT_MAKER;TOMATOES;XIRECS;4977.0;5
422100;BOT;SUBMISSION;TOMATOES;XIRECS;4973.0;11
428000;SUBMISSION;BOT_TAKER;EMERALDS;XIRECS;9993.0;5
430100;SUBMISSION;BOT_TAKER;EMERALDS;XIRECS;9993.0;3
431400;SUBMISSION;BOT_TAKER;EMERALDS;XIRECS;9993.0;7
433400;BOT_TAKER;SUBMISSION;TOMATOES;XIRECS;4973.0;3
435000;SUBMISSION;BOT_TAKER;EMERALDS;XIRECS;9993.0;5
435300;BOT_TAKER;BOT_MAKER;TOMATOES;XIRECS;4973.0;2
436700;BOT_MAKER;BOT_TAKER;TOMATOES;XIRECS;4960.0;3
437600;BOT_MAKER;BOT_TAKER;TOMATOES;XIRECS;4958.0;5
438000;BOT_MAKER;BOT_TAKER;TOMATOES;XIRECS;4959.0;4
439200;BOT_TAKER;BOT_MAKER;TOMATOES;XIRECS;4975.0;3
439600;BOT_MAKER;BOT_TAKER;TOMATOES;XIRECS;4962.0;3
442800;BOT_MAKER;BOT_TAKER;TOMATOES;XIRECS;4960.0;4
445900;BOT_TAKER;SUBMISSION;TOMATOES;XIRECS;4976.0;4
446200;BOT_MAKER;BOT_TAKER;TOMATOES;XIRECS;4964.0;3
446500;SUBMISSION;BOT_TAKER;EMERALDS;XIRECS;9993.0;8
451700;SUBMISSION;BOT_TAKER;EMERALDS;XIRECS;9993.0;3
452100;BOT_TAKER;SUBMISSION;EMERALDS;XIRECS;10007.0;5
452800;BOT_TAKER;SUBMISSION;EMERALDS;XIRECS;10007.0;7
454000;BOT_TAKER;BOT_MAKER;TOMATOES;XIRECS;4980.0;5
455100;BOT_MAKER;BOT_TAKER;TOMATOES;XIRECS;4966.0;2
458800;BOT_MAKER;BOT_TAKER;TOMATOES;XIRECS;4963.0;4
460600;SUBMISSION;BOT_TAKER;EMERALDS;XIRECS;9993.0;8
461000;SUBMISSION;BOT_TAKER;EMERALDS;XIRECS;9993.0;8
465500;BOT_TAKER;SUBMISSION;TOMATOES;XIRECS;4972.0;3
465900;BOT_MAKER;BOT_TAKER;TOMATOES;XIRECS;4963.0;5
467700;SUBMISSION;BOT_TAKER;EMERALDS;XIRECS;9993.0;6
468800;BOT_MAKER;BOT_TAKER;TOMATOES;XIRECS;4965.0;3
471300;BOT_TAKER;SUBMISSION;EMERALDS;XIRECS;10007.0;3
471500;SUBMISSION;BOT_TAKER;TOMATOES;XIRECS;4967.0;3
472400;BOT_TAKER;BOT_MAKER;TOMATOES;XIRECS;4979.0;3
473400;BOT_TAKER;BOT_MAKER;TOMATOES;XIRECS;4978.0;4
474500;BOT_TAKER;BOT_MAKER;TOMATOES;XIRECS;4980.0;4
477600;BOT_TAKER;BOT_MAKER;TOMATOES;XIRECS;4983.0;3
479700;BOT;SUBMISSION;TOMATOES;XIRECS;4976.0;7
479900;BOT_TAKER;BOT_MAKER;TOMATOES;XIRECS;4982.0;5
480900;SUBMISSION;BOT_TAKER;TOMATOES;XIRECS;4967.0;3
482600;BOT_TAKER;SUBMISSION;TOMATOES;XIRECS;4977.0;2
483100;BOT_MAKER;BOT_TAKER;TOMATOES;XIRECS;4965.0;2
485100;BOT_TAKER;BOT_MAKER;TOMATOES;XIRECS;4979.0;2
486500;BOT_TAKER;SUBMISSION;EMERALDS;XIRECS;10007.0;4
487200;SUBMISSION;BOT_TAKER;EMERALDS;XIRECS;9993.0;8
487300;BOT_MAKER;BOT_TAKER;TOMATOES;XIRECS;4967.0;3
488300;BOT_MAKER;BOT_TAKER;TOMATOES;XIRECS;4967.0;2
491000;BOT_TAKER;BOT_MAKER;TOMATOES;XIRECS;4980.0;4
496600;BOT_TAKER;SUBMISSION;EMERALDS;XIRECS;10007.0;7
498000;BOT_MAKER;BOT_TAKER;TOMATOES;XIRECS;4976.0;3
501500;BOT_TAKER;BOT_MAKER;TOMATOES;XIRECS;4989.0;3
503100;SUBMISSION;BOT_TAKER;EMERALDS;XIRECS;9993.0;7
505000;BOT_TAKER;BOT_MAKER;TOMATOES;XIRECS;4990.0;2
507200;SUBMISSION;BOT_TAKER;EMERALDS;XIRECS;9993.0;6
507600;BOT_TAKER;BOT_MAKER;TOMATOES;XIRECS;4988.0;2
509600;BOT_TAKER;SUBMISSION;EMERALDS;XIRECS;10007.0;5
510000;BOT_TAKER;BOT_MAKER;TOMATOES;XIRECS;4984.0;3
510600;BOT_TAKER;SUBMISSION;EMERALDS;XIRECS;10007.0;4
510800;BOT_MAKER;BOT_TAKER;TOMATOES;XIRECS;4973.0;3
514200;BOT_TAKER;BOT_MAKER;TOMATOES;XIRECS;4984.0;4
514800;BOT_TAKER;BOT_MAKER;TOMATOES;XIRECS;4985.0;3
516400;BOT_MAKER;BOT_TAKER;TOMATOES;XIRECS;4971.0;4
516700;BOT_TAKER;SUBMISSION;EMERALDS;XIRECS;10007.0;7
518200;SUBMISSION;BOT_TAKER;EMERALDS;XIRECS;9993.0;6
519700;BOT_MAKER;BOT_TAKER;TOMATOES;XIRECS;4971.0;4
521400;BOT_MAKER;BOT_TAKER;TOMATOES;XIRECS;4973.0;3
522700;BOT_MAKER;BOT_TAKER;TOMATOES;XIRECS;4973.0;3
523200;BOT_MAKER;BOT_TAKER;TOMATOES;XIRECS;4973.0;5
523500;BOT_TAKER;BOT_MAKER;TOMATOES;XIRECS;4985.0;5
524600;BOT_TAKER;SUBMISSION;EMERALDS;XIRECS;10007.0;7
525300;SUBMISSION;BOT_TAKER;EMERALDS;XIRECS;9993.0;4
526300;BOT_TAKER;BOT_MAKER;TOMATOES;XIRECS;4984.0;2
527000;BOT_MAKER;BOT_TAKER;TOMATOES;XIRECS;4972.0;2
527400;BOT_TAKER;SUBMISSION;EMERALDS;XIRECS;10007.0;7
530200;BOT_TAKER;BOT_MAKER;TOMATOES;XIRECS;4982.0;4
530700;SUBMISSION;BOT_TAKER;EMERALDS;XIRECS;9993.0;6
536700;BOT_TAKER;BOT_MAKER;TOMATOES;XIRECS;4986.0;2
540000;SUBMISSION;BOT;TOMATOES;XIRECS;4976.0;5
541200;BOT_TAKER;BOT_MAKER;TOMATOES;XIRECS;4982.0;2
543100;BOT_MAKER;BOT_TAKER;TOMATOES;XIRECS;4969.0;2
545100;SUBMISSION;BOT_TAKER;EMERALDS;XIRECS;9993.0;6
547800;BOT_TAKER;BOT_MAKER;TOMATOES;XIRECS;4986.0;2
548400;BOT_TAKER;SUBMISSION;EMERALDS;XIRECS;10007.0;4
550700;SUBMISSION;BOT_TAKER;EMERALDS;XIRECS;9993.0;4
552200;BOT_TAKER;SUBMISSION;TOMATOES;XIRECS;4987.0;4
553400;BOT_TAKER;SUBMISSION;EMERALDS;XIRECS;10007.0;8
558000;BOT_TAKER;BOT_MAKER;TOMATOES;XIRECS;4982.0;5
559100;BOT_TAKER;SUBMISSION;TOMATOES;XIRECS;4982.0;5
560200;BOT_MAKER;BOT_TAKER;TOMATOES;XIRECS;4972.0;5
560500;BOT_TAKER;SUBMISSION;TOMATOES;XIRECS;4985.0;2
560900;BOT_MAKER;BOT_TAKER;TOMATOES;XIRECS;4973.0;5
561500;BOT_TAKER;BOT_MAKER;TOMATOES;XIRECS;4984.0;3
565300;BOT_TAKER;BOT_MAKER;TOMATOES;XIRECS;4985.0;5
565600;SUBMISSION;BOT_TAKER;EMERALDS;XIRECS;9993.0;6
567300;BOT_TAKER;BOT_MAKER;TOMATOES;XIRECS;4984.0;4
572600;BOT;SUBMISSION;TOMATOES;XIRECS;4976.0;5
574000;SUBMISSION;BOT_TAKER;EMERALDS;XIRECS;9993.0;5
574000;BOT_MAKER;BOT_TAKER;TOMATOES;XIRECS;4974.0;5
576500;SUBMISSION;BOT_TAKER;EMERALDS;XIRECS;9993.0;5
576600;BOT_MAKER;BOT_TAKER;TOMATOES;XIRECS;4968.0;5
577500;BOT_TAKER;SUBMISSION;EMERALDS;XIRECS;10007.0;5
582400;BOT_MAKER;BOT_TAKER;TOMATOES;XIRECS;4965.0;3
583100;BOT_TAKER;SUBMISSION;TOMATOES;XIRECS;4979.0;3
586200;SUBMISSION;BOT_TAKER;TOMATOES;XIRECS;4964.0;5
587000;SUBMISSION;BOT_TAKER;TOMATOES;XIRECS;4962.0;4
588600;BOT_TAKER;SUBMISSION;TOMATOES;XIRECS;4972.0;5
588800;BOT_MAKER;BOT_TAKER;TOMATOES;XIRECS;4960.0;3
588900;SUBMISSION;BOT_TAKER;TOMATOES;XIRECS;4960.0;3
589300;BOT_MAKER;BOT_TAKER;TOMATOES;XIRECS;4958.0;4
589800;BOT_TAKER;SUBMISSION;TOMATOES;XIRECS;4972.0;4
591700;SUBMISSION;BOT_TAKER;EMERALDS;XIRECS;9993.0;5
592000;BOT_TAKER;SUBMISSION;EMERALDS;XIRECS;10007.0;3
592800;SUBMISSION;BOT_TAKER;EMERALDS;XIRECS;9993.0;6
593400;BOT_MAKER;BOT_TAKER;TOMATOES;XIRECS;4960.0;3
594500;BOT_MAKER;BOT_TAKER;TOMATOES;XIRECS;4958.0;2
594700;BOT_TAKER;BOT_MAKER;TOMATOES;XIRECS;4971.0;3
594900;BOT_MAKER;BOT_TAKER;TOMATOES;XIRECS;4959.0;3
598200;SUBMISSION;BOT_TAKER;TOMATOES;XIRECS;4957.0;5
599000;BOT_TAKER;SUBMISSION;EMERALDS;XIRECS;10007.0;6
599000;BOT_MAKER;BOT_TAKER;TOMATOES;XIRECS;4957.0;3
604400;SUBMISSION;BOT_TAKER;EMERALDS;XIRECS;9993.0;4
604800;BOT_MAKER;BOT_TAKER;TOMATOES;XIRECS;4957.0;5
605900;BOT_TAKER;BOT_MAKER;TOMATOES;XIRECS;4974.0;3
607800;BOT_MAKER;BOT_TAKER;TOMATOES;XIRECS;4957.0;2
612200;BOT_TAKER;SUBMISSION;EMERALDS;XIRECS;10007.0;4
616500;BOT_MAKER;BOT_TAKER;TOMATOES;XIRECS;4962.0;5
618700;BOT;SUBMISSION;TOMATOES;XIRECS;4972.0;5
619200;BOT_TAKER;BOT_MAKER;TOMATOES;XIRECS;4978.0;5
622500;BOT;SUBMISSION;TOMATOES;XIRECS;4977.0;10
623700;BOT_TAKER;BOT_MAKER;TOMATOES;XIRECS;4984.0;5
625500;SUBMISSION;BOT_TAKER;TOMATOES;XIRECS;4971.0;5
631200;BOT_TAKER;SUBMISSION;EMERALDS;XIRECS;10007.0;6
633600;BOT_TAKER;SUBMISSION;EMERALDS;XIRECS;10007.0;4
639000;BOT_MAKER;BOT_TAKER;TOMATOES;XIRECS;4973.0;2
642000;SUBMISSION;BOT_TAKER;EMERALDS;XIRECS;9993.0;4
642000;BOT_TAKER;BOT_MAKER;TOMATOES;XIRECS;4988.0;4
651000;SUBMISSION;BOT_TAKER;TOMATOES;XIRECS;4972.0;5
653100;BOT_TAKER;BOT_MAKER;TOMATOES;XIRECS;4987.0;2
653200;BOT_TAKER;BOT_MAKER;TOMATOES;XIRECS;4987.0;4
656200;BOT_TAKER;BOT_MAKER;TOMATOES;XIRECS;4992.0;5
656500;BOT;SUBMISSION;TOMATOES;XIRECS;4987.0;10
659600;BOT_TAKER;BOT_MAKER;TOMATOES;XIRECS;4991.0;3
660600;BOT_TAKER;BOT_MAKER;TOMATOES;XIRECS;4993.0;5
661100;SUBMISSION;BOT;TOMATOES;XIRECS;4983.0;7
661100;SUBMISSION;BOT_TAKER;TOMATOES;XIRECS;4982.0;2
661500;BOT_MAKER;BOT_TAKER;TOMATOES;XIRECS;4978.0;5
663000;SUBMISSION;BOT_TAKER;EMERALDS;XIRECS;9993.0;7
663500;BOT_MAKER;BOT_TAKER;TOMATOES;XIRECS;4972.0;2
663600;BOT_TAKER;BOT_MAKER;TOMATOES;XIRECS;4985.0;5
664500;BOT_MAKER;BOT_TAKER;TOMATOES;XIRECS;4972.0;2
664900;BOT_TAKER;BOT_MAKER;TOMATOES;XIRECS;4985.0;2
667000;BOT_TAKER;SUBMISSION;TOMATOES;XIRECS;4984.0;4
667500;BOT_TAKER;BOT_MAKER;TOMATOES;XIRECS;4986.0;3
668200;BOT_TAKER;SUBMISSION;EMERALDS;XIRECS;10007.0;5
668500;SUBMISSION;BOT_TAKER;EMERALDS;XIRECS;9993.0;6
670900;SUBMISSION;BOT_TAKER;EMERALDS;XIRECS;9993.0;4
671300;BOT_TAKER;BOT_MAKER;TOMATOES;XIRECS;4991.0;4
673300;BOT_TAKER;BOT_MAKER;TOMATOES;XIRECS;4990.0;5
674800;BOT_TAKER;BOT_MAKER;TOMATOES;XIRECS;4988.0;2
677200;BOT_TAKER;BOT_MAKER;TOMATOES;XIRECS;4987.0;4
679500;BOT_TAKER;BOT_MAKER;TOMATOES;XIRECS;4988.0;5
679600;BOT;SUBMISSION;TOMATOES;XIRECS;4982.0;5
679800;BOT_MAKER;BOT_TAKER;TOMATOES;XIRECS;4974.0;5
681100;BOT_TAKER;BOT_MAKER;TOMATOES;XIRECS;4986.0;3
685200;BOT_TAKER;BOT_MAKER;TOMATOES;XIRECS;4980.0;5
687400;SUBMISSION;BOT_TAKER;EMERALDS;XIRECS;9993.0;6
688600;SUBMISSION;BOT_TAKER;TOMATOES;XIRECS;4977.0;5
690700;BOT_MAKER;BOT_TAKER;TOMATOES;XIRECS;4976.0;2
692500;BOT_MAKER;BOT_TAKER;TOMATOES;XIRECS;4969.0;4
693100;SUBMISSION;BOT_TAKER;EMERALDS;XIRECS;9993.0;5
694700;SUBMISSION;BOT_TAKER;TOMATOES;XIRECS;4971.0;4
696600;BOT_MAKER;BOT_TAKER;TOMATOES;XIRECS;4969.0;5
697100;SUBMISSION;BOT_TAKER;EMERALDS;XIRECS;9993.0;5
698100;SUBMISSION;BOT_TAKER;EMERALDS;XIRECS;9993.0;7
702100;SUBMISSION;BOT_TAKER;EMERALDS;XIRECS;9993.0;3
704400;BOT_TAKER;BOT_MAKER;TOMATOES;XIRECS;4975.0;4
708900;SUBMISSION;BOT_TAKER;TOMATOES;XIRECS;4968.0;5
712300;BOT_MAKER;BOT_TAKER;TOMATOES;XIRECS;4966.0;5
712400;SUBMISSION;BOT_TAKER;EMERALDS;XIRECS;9993.0;5
712900;SUBMISSION;BOT_TAKER;EMERALDS;XIRECS;9993.0;5
713600;BOT_MAKER;BOT_TAKER;TOMATOES;XIRECS;4968.0;4
715100;BOT_TAKER;BOT_MAKER;TOMATOES;XIRECS;4985.0;4
715200;BOT_MAKER;BOT_TAKER;TOMATOES;XIRECS;4971.0;3
716300;BOT_TAKER;SUBMISSION;EMERALDS;XIRECS;10007.0;5
717400;BOT_TAKER;BOT_MAKER;TOMATOES;XIRECS;4984.0;3
717600;SUBMISSION;BOT_TAKER;TOMATOES;XIRECS;4972.0;4
720300;SUBMISSION;BOT_TAKER;EMERALDS;XIRECS;9993.0;3
722200;SUBMISSION;BOT;TOMATOES;XIRECS;4974.0;4
723200;BOT_MAKER;BOT_TAKER;TOMATOES;XIRECS;4968.0;3
723700;BOT_TAKER;BOT_MAKER;TOMATOES;XIRECS;4980.0;3
725200;SUBMISSION;BOT_TAKER;EMERALDS;XIRECS;9993.0;5
726900;SUBMISSION;BOT;TOMATOES;XIRECS;4968.0;12
728200;BOT_TAKER;SUBMISSION;EMERALDS;XIRECS;10007.0;3
729400;BOT_TAKER;SUBMISSION;TOMATOES;XIRECS;4973.0;3
730700;BOT_MAKER;BOT_TAKER;TOMATOES;XIRECS;4958.0;4
734500;BOT_TAKER;SUBMISSION;TOMATOES;XIRECS;4974.0;4
735400;BOT_TAKER;BOT_MAKER;TOMATOES;XIRECS;4975.0;5
735700;BOT_TAKER;SUBMISSION;EMERALDS;XIRECS;10007.0;6
735800;BOT_MAKER;BOT_TAKER;TOMATOES;XIRECS;4962.0;2
736900;SUBMISSION;BOT_TAKER;TOMATOES;XIRECS;4963.0;2
738100;BOT_TAKER;BOT_MAKER;TOMATOES;XIRECS;4975.0;2
741600;BOT_TAKER;BOT_MAKER;TOMATOES;XIRECS;4965.0;5
745200;BOT_TAKER;SUBMISSION;EMERALDS;XIRECS;10007.0;4
746600;SUBMISSION;BOT_TAKER;EMERALDS;XIRECS;9993.0;6
748300;BOT_TAKER;SUBMISSION;TOMATOES;XIRECS;4969.0;3
748800;SUBMISSION;BOT_TAKER;TOMATOES;XIRECS;4957.0;5
749400;BOT_TAKER;BOT_MAKER;TOMATOES;XIRECS;4970.0;2
755100;SUBMISSION;BOT;TOMATOES;XIRECS;4962.0;5
756600;BOT_MAKER;BOT_TAKER;TOMATOES;XIRECS;4959.0;4
756900;BOT_MAKER;BOT_TAKER;TOMATOES;XIRECS;4958.0;4
757500;SUBMISSION;BOT_TAKER;EMERALDS;XIRECS;9993.0;8
760400;BOT_TAKER;SUBMISSION;EMERALDS;XIRECS;10007.0;8
763000;BOT_MAKER;BOT_TAKER;TOMATOES;XIRECS;4961.0;2
765400;SUBMISSION;BOT_TAKER;EMERALDS;XIRECS;9993.0;4
766700;BOT_MAKER;BOT_TAKER;TOMATOES;XIRECS;4965.0;2
767400;SUBMISSION;BOT;TOMATOES;XIRECS;4964.0;8
769000;BOT_TAKER;BOT_MAKER;TOMATOES;XIRECS;4972.0;2
769200;SUBMISSION;BOT_TAKER;EMERALDS;XIRECS;9993.0;4
770600;BOT_MAKER;BOT_TAKER;TOMATOES;XIRECS;4957.0;2
771600;BOT_TAKER;BOT_MAKER;TOMATOES;XIRECS;4973.0;5
772000;BOT_MAKER;BOT_TAKER;TOMATOES;XIRECS;4961.0;2
776500;BOT;SUBMISSION;TOMATOES;XIRECS;4969.0;7
777600;BOT_MAKER;BOT_TAKER;TOMATOES;XIRECS;4961.0;2
778400;BOT_MAKER;BOT_TAKER;TOMATOES;XIRECS;4960.0;5
780300;BOT_TAKER;SUBMISSION;TOMATOES;XIRECS;4974.0;2
782600;BOT_MAKER;BOT_TAKER;TOMATOES;XIRECS;4961.0;2
783800;BOT_MAKER;BOT_TAKER;TOMATOES;XIRECS;4962.0;5
785100;BOT_MAKER;BOT_TAKER;TOMATOES;XIRECS;4962.0;2
786600;SUBMISSION;BOT_TAKER;EMERALDS;XIRECS;9993.0;3
786900;BOT_TAKER;SUBMISSION;EMERALDS;XIRECS;10007.0;8
787600;BOT_MAKER;BOT_TAKER;TOMATOES;XIRECS;4959.0;4
788100;BOT_TAKER;SUBMISSION;EMERALDS;XIRECS;10007.0;7
788500;BOT_MAKER;BOT_TAKER;TOMATOES;XIRECS;4958.0;3
789100;BOT_TAKER;SUBMISSION;EMERALDS;XIRECS;10007.0;5
792800;SUBMISSION;BOT_TAKER;EMERALDS;XIRECS;9993.0;6
793600;SUBMISSION;BOT_TAKER;EMERALDS;XIRECS;9993.0;8
795500;BOT_MAKER;BOT_TAKER;TOMATOES;XIRECS;4963.0;3
799900;SUBMISSION;BOT_TAKER;EMERALDS;XIRECS;9993.0;4
801700;BOT_TAKER;SUBMISSION;TOMATOES;XIRECS;4970.0;3
802800;BOT_TAKER;SUBMISSION;EMERALDS;XIRECS;10007.0;5
804300;BOT_MAKER;BOT_TAKER;TOMATOES;XIRECS;4963.0;3
809700;SUBMISSION;BOT;TOMATOES;XIRECS;4966.0;2
810000;BOT_TAKER;BOT_MAKER;TOMATOES;XIRECS;4972.0;3
810900;BOT_MAKER;BOT_TAKER;TOMATOES;XIRECS;4960.0;3
811500;BOT_MAKER;BOT_TAKER;TOMATOES;XIRECS;4960.0;4
811900;BOT_TAKER;BOT_MAKER;TOMATOES;XIRECS;4972.0;2
813400;BOT_MAKER;BOT_TAKER;TOMATOES;XIRECS;4956.0;3
815600;SUBMISSION;BOT_TAKER;EMERALDS;XIRECS;9993.0;5
819600;BOT_MAKER;BOT_TAKER;TOMATOES;XIRECS;4954.0;2
821300;BOT_MAKER;BOT_TAKER;TOMATOES;XIRECS;4956.0;3
825400;SUBMISSION;BOT_TAKER;EMERALDS;XIRECS;9993.0;7
826700;BOT_MAKER;BOT_TAKER;TOMATOES;XIRECS;4958.0;3
828000;SUBMISSION;BOT;TOMATOES;XIRECS;4962.0;9
829000;SUBMISSION;BOT_TAKER;EMERALDS;XIRECS;9993.0;5
829900;BOT_MAKER;BOT_TAKER;TOMATOES;XIRECS;4958.0;2
831300;BOT;SUBMISSION;TOMATOES;XIRECS;4964.0;6
833000;BOT_TAKER;BOT_MAKER;TOMATOES;XIRECS;4969.0;5
834000;BOT_TAKER;SUBMISSION;TOMATOES;XIRECS;4965.0;4
834400;BOT_TAKER;SUBMISSION;TOMATOES;XIRECS;4968.0;3
836300;BOT_TAKER;SUBMISSION;TOMATOES;XIRECS;4969.0;5
836400;SUBMISSION;BOT_TAKER;TOMATOES;XIRECS;4958.0;5
838300;BOT_TAKER;SUBMISSION;EMERALDS;XIRECS;10007.0;4
841400;BOT_TAKER;BOT_MAKER;TOMATOES;XIRECS;4967.0;3
845000;BOT_TAKER;SUBMISSION;EMERALDS;XIRECS;10007.0;5
847500;BOT;SUBMISSION;TOMATOES;XIRECS;4962.0;9
847700;SUBMISSION;BOT_TAKER;TOMATOES;XIRECS;4955.0;3
850600;BOT_TAKER;BOT_MAKER;TOMATOES;XIRECS;4967.0;3
851600;BOT_TAKER;SUBMISSION;EMERALDS;XIRECS;10007.0;4
851700;BOT_TAKER;SUBMISSION;TOMATOES;XIRECS;4967.0;5
852600;BOT_MAKER;BOT_TAKER;TOMATOES;XIRECS;4954.0;2
853200;BOT_TAKER;SUBMISSION;TOMATOES;XIRECS;4967.0;2
853600;BOT_TAKER;SUBMISSION;TOMATOES;XIRECS;4967.0;2
854500;BOT_TAKER;SUBMISSION;TOMATOES;XIRECS;4968.0;2
856600;BOT_TAKER;SUBMISSION;EMERALDS;XIRECS;10007.0;7
857900;BOT_MAKER;BOT_TAKER;TOMATOES;XIRECS;4957.0;3
858900;SUBMISSION;BOT_TAKER;EMERALDS;XIRECS;9993.0;4
859300;SUBMISSION;BOT_TAKER;EMERALDS;XIRECS;9993.0;7
861000;BOT_TAKER;SUBMISSION;EMERALDS;XIRECS;10007.0;4
861100;SUBMISSION;BOT_TAKER;TOMATOES;XIRECS;4955.0;4
865700;BOT_TAKER;SUBMISSION;EMERALDS;XIRECS;10007.0;4
866300;SUBMISSION;BOT_TAKER;TOMATOES;XIRECS;4957.0;2
866900;BOT_TAKER;SUBMISSION;EMERALDS;XIRECS;10007.0;5
867300;BOT_TAKER;BOT_MAKER;TOMATOES;XIRECS;4967.0;5
869600;BOT_MAKER;BOT_TAKER;TOMATOES;XIRECS;4950.0;2
877300;BOT_MAKER;BOT_TAKER;TOMATOES;XIRECS;4949.0;3
877600;BOT_MAKER;BOT_TAKER;TOMATOES;XIRECS;4950.0;5
878700;BOT_TAKER;SUBMISSION;EMERALDS;XIRECS;10007.0;3
882700;BOT_TAKER;SUBMISSION;TOMATOES;XIRECS;4970.0;4
886100;BOT_TAKER;SUBMISSION;EMERALDS;XIRECS;10007.0;6
887100;BOT_TAKER;SUBMISSION;EMERALDS;XIRECS;10007.0;7
887800;BOT_TAKER;BOT_MAKER;TOMATOES;XIRECS;4965.0;4
888300;BOT_MAKER;BOT_TAKER;TOMATOES;XIRECS;4952.0;4
892400;SUBMISSION;BOT_TAKER;EMERALDS;XIRECS;9993.0;6
893500;BOT_MAKER;BOT_TAKER;TOMATOES;XIRECS;4958.0;5
894000;SUBMISSION;BOT_TAKER;TOMATOES;XIRECS;4959.0;4
895800;SUBMISSION;BOT_TAKER;TOMATOES;XIRECS;4959.0;5
896500;BOT_MAKER;BOT_TAKER;TOMATOES;XIRECS;4958.0;4
898800;BOT_MAKER;BOT_TAKER;TOMATOES;XIRECS;4956.0;5
899800;BOT_TAKER;SUBMISSION;EMERALDS;XIRECS;10007.0;5
901000;SUBMISSION;BOT_TAKER;TOMATOES;XIRECS;4957.0;4
903600;BOT_MAKER;BOT_TAKER;TOMATOES;XIRECS;4958.0;5
905000;SUBMISSION;BOT_TAKER;TOMATOES;XIRECS;4959.0;5
906500;BOT_MAKER;BOT_TAKER;TOMATOES;XIRECS;4958.0;5
910000;BOT;SUBMISSION;TOMATOES;XIRECS;4970.0;8
911500;BOT_TAKER;SUBMISSION;EMERALDS;XIRECS;10007.0;7
911600;BOT_MAKER;BOT_TAKER;TOMATOES;XIRECS;4964.0;3
912200;BOT_TAKER;BOT_MAKER;TOMATOES;XIRECS;4978.0;4
913700;BOT_TAKER;SUBMISSION;TOMATOES;XIRECS;4975.0;5
914400;BOT_TAKER;BOT_MAKER;TOMATOES;XIRECS;4975.0;4
915100;BOT_MAKER;BOT_TAKER;TOMATOES;XIRECS;4961.0;3
916100;SUBMISSION;BOT_TAKER;TOMATOES;XIRECS;4961.0;3
917000;BOT_MAKER;BOT_TAKER;TOMATOES;XIRECS;4962.0;5
917900;BOT_TAKER;BOT_MAKER;TOMATOES;XIRECS;4974.0;2
920600;BOT_MAKER;BOT_TAKER;TOMATOES;XIRECS;4960.0;3
921700;BOT_TAKER;BOT_MAKER;TOMATOES;XIRECS;4975.0;2
924900;BOT_TAKER;SUBMISSION;EMERALDS;XIRECS;10007.0;6
926000;BOT_MAKER;BOT_TAKER;TOMATOES;XIRECS;4963.0;2
927100;SUBMISSION;BOT_TAKER;EMERALDS;XIRECS;9993.0;4
927700;BOT_TAKER;SUBMISSION;EMERALDS;XIRECS;10007.0;8
928000;SUBMISSION;BOT_TAKER;TOMATOES;XIRECS;4962.0;5
929200;BOT_TAKER;SUBMISSION;TOMATOES;XIRECS;4974.0;4
930900;BOT_TAKER;BOT_MAKER;TOMATOES;XIRECS;4974.0;5
934500;SUBMISSION;BOT_TAKER;EMERALDS;XIRECS;9993.0;4
935600;BOT_TAKER;BOT_MAKER;TOMATOES;XIRECS;4974.0;3
937600;SUBMISSION;BOT_TAKER;TOMATOES;XIRECS;4964.0;5
940900;BOT_TAKER;SUBMISSION;TOMATOES;XIRECS;4974.0;2
942700;BOT_TAKER;SUBMISSION;EMERALDS;XIRECS;10007.0;8
943000;SUBMISSION;BOT_TAKER;EMERALDS;XIRECS;9993.0;5
943800;SUBMISSION;BOT_TAKER;TOMATOES;XIRECS;4962.0;4
947700;SUBMISSION;BOT_TAKER;EMERALDS;XIRECS;9993.0;5
947900;BOT_TAKER;SUBMISSION;TOMATOES;XIRECS;4975.0;6
955800;SUBMISSION;BOT_TAKER;EMERALDS;XIRECS;9993.0;5
957700;SUBMISSION;BOT_TAKER;TOMATOES;XIRECS;4961.0;5
960600;BOT_TAKER;SUBMISSION;TOMATOES;XIRECS;4972.0;3
962100;BOT_TAKER;SUBMISSION;EMERALDS;XIRECS;10007.0;8
965600;BOT_TAKER;SUBMISSION;EMERALDS;XIRECS;10007.0;4
969500;SUBMISSION;BOT_TAKER;EMERALDS;XIRECS;9993.0;8
974100;SUBMISSION;BOT_TAKER;TOMATOES;XIRECS;4958.0;3
974600;SUBMISSION;BOT_TAKER;EMERALDS;XIRECS;9993.0;6
974700;BOT_MAKER;BOT_TAKER;TOMATOES;XIRECS;4959.0;3
974800;BOT_TAKER;SUBMISSION;TOMATOES;XIRECS;4971.0;4
975600;BOT_TAKER;BOT_MAKER;TOMATOES;XIRECS;4972.0;5
975800;SUBMISSION;BOT_TAKER;EMERALDS;XIRECS;9993.0;6
976000;SUBMISSION;BOT_TAKER;EMERALDS;XIRECS;9993.0;3
977900;BOT_TAKER;SUBMISSION;EMERALDS;XIRECS;10007.0;7
979000;BOT_MAKER;BOT_TAKER;TOMATOES;XIRECS;4958.0;4
979100;BOT_MAKER;BOT_TAKER;TOMATOES;XIRECS;4958.0;4
979400;SUBMISSION;BOT_TAKER;TOMATOES;XIRECS;4959.0;2
981300;SUBMISSION;BOT_TAKER;EMERALDS;XIRECS;9993.0;6
982000;BOT_TAKER;SUBMISSION;EMERALDS;XIRECS;10007.0;7
987400;BOT_TAKER;SUBMISSION;EMERALDS;XIRECS;10007.0;8
988600;BOT_TAKER;SUBMISSION;EMERALDS;XIRECS;10007.0;6
989000;BOT_TAKER;SUBMISSION;TOMATOES;XIRECS;4978.0;5
989100;SUBMISSION;BOT_TAKER;EMERALDS;XIRECS;9993.0;8
989900;BOT_TAKER;BOT_MAKER;TOMATOES;XIRECS;4979.0;3
996600;BOT_MAKER;BOT_TAKER;TOMATOES;XIRECS;4960.0;4
999900;SUBMISSION;BOT;TOMATOES;XIRECS;4966.0;8
