timestamp;buyer;seller;symbol;currency;price;quantity
200;BOT_TAKER;BOT_MAKER;TOMATOES;XIRECS;5006.0;4
500;BOT_MAKER;BOT_TAKER;TOMATOES;XIRECS;5001.0;4
600;SUBMISSION;BOT;TOMATOES;XIRECS;4997.0;10
1900;BOT;SUBMISSION;TOMATOES;XIRECS;5003.0;5
2500;SUBMISSION;BOT_TAKER;EMERALDS;XIRECS;9993.0;5
5800;SUBMISSION;BOT_TAKER;EMERALDS;XIRECS;9993.0;5
5900;BOT_TAKER;SUBMISSION;EMERALDS;XIRECS;10007.0;3
9700;BOT_MAKER;BOT_TAKER;TOMATOES;XIRECS;4995.0;4
10100;SUBMISSION;BOT;TOMATOES;XIRECS;5000.0;9
10700;BOT_MAKER;BOT_TAKER;TOMATOES;XIRECS;4997.0;3
10900;BOT_TAKER;BOT_MAKER;TOMATOES;XIRECS;5011.0;2
11100;BOT_MAKER;BOT_TAKER;TOMATOES;XIRECS;4998.0;5
15000;SUBMISSION;BOT_TAKER;EMERALDS;XIRECS;9993.0;6
16300;BOT_TAKER;SUBMISSION;EMERALDS;XIRECS;10007.0;8
16800;BOT_TAKER;BOT_MAKER;TOMATOES;XIRECS;5011.0;4
16900;BOT_MAKER;BOT_TAKER;TOMATOES;XIRECS;4998.0;5
19900;BOT_MAKER;BOT_TAKER;TOMATOES;XIRECS;5003.0;4
20200;SUBMISSION;BOT_TAKER;EMERALDS;XIRECS;9993.0;4
20900;SUBMISSION;BOT_TAKER;EMERALDS;XIRECS;9993.0;4
21500;BOT_TAKER;BOT_MAKER;TOMATOES;XIRECS;5019.0;3
22700;SUBMISSION;BOT_TAKER;EMERALDS;XIRECS;9993.0;7
28100;BOT_TAKER;SUBMISSION;TOMATOES;XIRECS;5021.0;2
28500;BOT_TAKER;SUBMISSION;EMERALDS;XIRECS;10007.0;5
29200;BOT_MAKER;BOT_TAKER;TOMATOES;XIRECS;5011.0;2
32500;BOT_TAKER;BOT_MAKER;TOMATOES;XIRECS;5019.0;2
33700;BOT_TAKER;SUBMISSION;TOMATOES;XIRECS;5015.0;3
35600;BOT_TAKER;BOT_MAKER;TOMATOES;XIRECS;5014.0;2
35700;BOT_TAKER;SUBMISSION;EMERALDS;XIRECS;10007.0;3
37200;BOT_TAKER;SUBMISSION;EMERALDS;XIRECS;10007.0;3
39200;SUBMISSION;BOT_TAKER;EMERALDS;XIRECS;9993.0;6
39900;BOT_TAKER;SUBMISSION;EMERALDS;XIRECS;10007.0;3
40400;SUBMISSION;BOT_TAKER;EMERALDS;XIRECS;9993.0;4
43400;BOT_TAKER;BOT_MAKER;TOMATOES;XIRECS;5013.0;3
43700;BOT_TAKER;BOT_MAKER;TOMATOES;XIRECS;5013.0;4
44900;BOT_TAKER;BOT_MAKER;TOMATOES;XIRECS;5013.0;3
45000;BOT_MAKER;BOT_TAKER;TOMATOES;XIRECS;5001.0;3
45300;BOT_MAKER;BOT_TAKER;TOMATOES;XIRECS;5001.0;5
47400;BOT_TAKER;BOT_MAKER;TOMATOES;XIRECS;5015.0;4
48900;BOT_TAKER;BOT_MAKER;TOMATOES;XIRECS;5008.0;3
48900;BOT_TAKER;BOT_MAKER;TOMATOES;XIRECS;5014.0;2
49400;BOT_TAKER;SUBMISSION;TOMATOES;XIRECS;5013.0;2
49700;BOT_MAKER;BOT_TAKER;TOMATOES;XIRECS;5002.0;4
49800;BOT_MAKER;BOT_TAKER;TOMATOES;XIRECS;5002.0;4
52600;SUBMISSION;BOT_TAKER;EMERALDS;XIRECS;9993.0;6
52800;BOT_TAKER;SUBMISSION;TOMATOES;XIRECS;5016.0;5
55200;BOT_MAKER;BOT_TAKER;TOMATOES;XIRECS;5004.0;3
56900;SUBMISSION;BOT_TAKER;EMERALDS;XIRECS;9993.0;4
57700;BOT_TAKER;BOT_MAKER;TOMATOES;XIRECS;5018.0;5
62600;BOT_TAKER;BOT_MAKER;TOMATOES;XIRECS;5017.0;5
63100;SUBMISSION;BOT_TAKER;EMERALDS;XIRECS;9993.0;6
63500;SUBMISSION;BOT_TAKER;EMERALDS;XIRECS;9993.0;5
63900;SUBMISSION;BOT_TAKER;EMERALDS;XIRECS;9993.0;5
66000;BOT_TAKER;SUBMISSION;EMERALDS;XIRECS;10007.0;6
68200;BOT_TAKER;SUBMISSION;EMERALDS;XIRECS;10007.0;3
68900;BOT_TAKER;SUBMISSION;EMERALDS;XIRECS;10007.0;3
69200;SUBMISSION;BOT_TAKER;TOMATOES;XIRECS;5006.0;3
70500;SUBMISSION;BOT_TAKER;EMERALDS;XIRECS;9993.0;6
71900;BOT_TAKER;SUBMISSION;EMERALDS;XIRECS;10007.0;6
75000;BOT_TAKER;SUBMISSION;TOMATOES;XIRECS;5015.0;2
75400;BOT_MAKER;BOT_TAKER;TOMATOES;XIRECS;5004.0;3
77600;BOT_TAKER;BOT_MAKER;TOMATOES;XIRECS;5017.0;4
77800;BOT_TAKER;SUBMISSION;EMERALDS;XIRECS;10007.0;5
79000;SUBMISSION;BOT_TAKER;TOMATOES;XIRECS;5006.0;5
80700;BOT_MAKER;BOT_TAKER;TOMATOES;XIRECS;5003.0;2
81000;BOT_TAKER;SUBMISSION;TOMATOES;XIRECS;5017.0;3
83700;BOT_MAKER;BOT_TAKER;TOMATOES;XIRECS;5005.0;4
84000;BOT_TAKER;BOT_MAKER;TOMATOES;XIRECS;5018.0;3
84600;BOT_TAKER;SUBMISSION;EMERALDS;XIRECS;10007.0;3
84900;BOT_MAKER;BOT_TAKER;TOMATOES;XIRECS;5002.0;5
85200;SUBMISSION;BOT_TAKER;EMERALDS;XIRECS;9993.0;5
87600;BOT_MAKER;BOT_TAKER;TOMATOES;XIRECS;5005.0;5
90800;SUBMISSION;BOT_TAKER;TOMATOES;XIRECS;5001.0;2
90900;BOT_TAKER;SUBMISSION;EMERALDS;XIRECS;10007.0;6
91500;BOT_MAKER;BOT_TAKER;TOMATOES;XIRECS;5000.0;2
92100;BOT_TAKER;SUBMISSION;EMERALDS;XIRECS;10007.0;3
93900;BOT_TAKER;BOT_MAKER;TOMATOES;XIRECS;5011.0;4
96700;BOT;SUBMISSION;TOMATOES;XIRECS;5005.0;8
98600;BOT_MAKER;BOT_TAKER;TOMATOES;XIRECS;5001.0;4
100600;BOT_TAKER;BOT_MAKER;TOMATOES;XIRECS;5011.0;5
102600;BOT_MAKER;BOT_TAKER;TOMATOES;XIRECS;4997.0;2
106500;SUBMISSION;BOT_TAKER;EMERALDS;XIRECS;9993.0;8
106800;SUBMISSION;BOT_TAKER;EMERALDS;XIRECS;9993.0;5
106900;BOT_TAKER;SUBMISSION;TOMATOES;XIRECS;5006.0;6
108100;BOT_TAKER;SUBMISSION;EMERALDS;XIRECS;10007.0;8
110800;BOT_TAKER;SUBMISSION;EMERALDS;XIRECS;10007.0;3
111900;BOT;SUBMISSION;TOMATOES;XIRECS;4999.0;9
112200;BOT_TAKER;BOT_MAKER;TOMATOES;XIRECS;5004.0;4
112600;BOT_TAKER;BOT_MAKER;TOMATOES;XIRECS;5005.0;3
115700;BOT_TAKER;BOT_MAKER;TOMATOES;XIRECS;5002.0;4
119300;BOT_MAKER;BOT_TAKER;TOMATOES;XIRECS;4985.0;3
120500;BOT_TAKER;BOT_MAKER;TOMATOES;XIRECS;5001.0;5
122400;BOT_MAKER;BOT_TAKER;TOMATOES;XIRECS;4990.0;4
126400;BOT_TAKER;SUBMISSION;EMERALDS;XIRECS;10007.0;8
126600;SUBMISSION;BOT_TAKER;EMERALDS;XIRECS;9993.0;3
127900;BOT_MAKER;BOT_TAKER;TOMATOES;XIRECS;4996.0;3
130100;SUBMISSION;BOT_TAKER;TOMATOES;XIRECS;5000.0;3
130200;BOT_MAKER;BOT_TAKER;TOMATOES;XIRECS;5000.0;2
130600;BOT_TAKER;BOT_MAKER;TOMATOES;XIRECS;5014.0;2
135000;SUBMISSION;BOT_TAKER;TOMATOES;XIRECS;5006.0;4
136100;SUBMISSION;BOT_TAKER;EMERALDS;XIRECS;9993.0;4
136900;SUBMISSION;BOT_TAKER;EMERALDS;XIRECS;9993.0;6
138100;BOT_TAKER;BOT_MAKER;TOMATOES;XIRECS;5022.0;4
140400;BOT_MAKER;BOT_TAKER;TOMATOES;XIRECS;5008.0;4
143900;SUBMISSION;BOT_TAKER;EMERALDS;XIRECS;9993.0;5
144800;BOT_TAKER;SUBMISSION;TOMATOES;XIRECS;5020.0;5
144900;SUBMISSION;BOT_TAKER;TOMATOES;XIRECS;5008.0;3
145300;BOT_TAKER;BOT_MAKER;TOMATOES;XIRECS;5021.0;4
146000;BOT_MAKER;BOT_TAKER;TOMATOES;XIRECS;5008.0;2
146500;SUBMISSION;BOT;TOMATOES;XIRECS;5012.0;11
147900;SUBMISSION;BOT_TAKER;TOMATOES;XIRECS;5008.0;5
151300;BOT_MAKER;BOT_TAKER;TOMATOES;XIRECS;5006.0;2
151700;BOT_TAKER;BOT_MAKER;TOMATOES;XIRECS;5018.0;2
152300;BOT_TAKER;BOT_MAKER;TOMATOES;XIRECS;5021.0;2
153000;BOT_TAKER;BOT_MAKER;TOMATOES;XIRECS;5021.0;5
156700;BOT_TAKER;BOT_MAKER;TOMATOES;XIRECS;5018.0;3
158200;BOT_TAKER;BOT_MAKER;TOMATOES;XIRECS;5018.0;3
158300;BOT_MAKER;BOT_TAKER;TOMATOES;XIRECS;5005.0;5
159300;BOT_MAKER;BOT_TAKER;TOMATOES;XIRECS;5006.0;3
165500;BOT_TAKER;BOT_MAKER;TOMATOES;XIRECS;5019.0;2
167300;BOT_TAKER;SUBMISSION;TOMATOES;XIRECS;5020.0;2
168000;BOT_TAKER;SUBMISSION;TOMATOES;XIRECS;5020.0;3
171800;BOT_TAKER;BOT_MAKER;TOMATOES;XIRECS;5022.0;2
175100;BOT_TAKER;BOT_MAKER;TOMATOES;XIRECS;5020.0;2
179100;SUBMISSION;BOT_TAKER;TOMATOES;XIRECS;5009.0;5
179800;BOT_MAKER;BOT_TAKER;TOMATOES;XIRECS;5005.0;3
180700;BOT_TAKER;SUBMISSION;EMERALDS;XIRECS;10007.0;3
181000;SUBMISSION;BOT;TOMATOES;XIRECS;5010.0;12
181200;BOT_TAKER;SUBMISSION;TOMATOES;XIRECS;5016.0;3
184500;BOT_MAKER;BOT_TAKER;TOMATOES;XIRECS;5009.0;4
184700;BOT_MAKER;BOT_TAKER;TOMATOES;XIRECS;5007.0;4
191200;BOT_TAKER;SUBMISSION;TOMATOES;XIRECS;5019.0;3
194700;BOT_MAKER;BOT_TAKER;TOMATOES;XIRECS;5008.0;3
196200;SUBMISSION;BOT_TAKER;EMERALDS;XIRECS;9993.0;4
197500;BOT_TAKER;BOT_MAKER;TOMATOES;XIRECS;5021.0;5
197600;BOT_TAKER;SUBMISSION;TOMATOES;XIRECS;5020.0;5
197700;SUBMISSION;BOT_TAKER;EMERALDS;XIRECS;9993.0;8
197900;BOT;SUBMISSION;TOMATOES;XIRECS;5016.0;9
198400;BOT_TAKER;BOT_MAKER;TOMATOES;XIRECS;5022.0;4
199600;BOT_MAKER;BOT_TAKER;TOMATOES;XIRECS;5009.0;3
202700;BOT_TAKER;BOT_MAKER;TOMATOES;XIRECS;5023.0;5
202900;SUBMISSION;BOT_TAKER;EMERALDS;XIRECS;9993.0;6
203900;SUBMISSION;BOT_TAKER;EMERALDS;XIRECS;9993.0;3
207100;SUBMISSION;BOT_TAKER;TOMATOES;XIRECS;5010.0;4
208900;SUBMISSION;BOT_TAKER;TOMATOES;XIRECS;5009.0;5
210100;BOT_TAKER;BOT_MAKER;TOMATOES;XIRECS;5022.0;3
210300;SUBMISSION;BOT_TAKER;EMERALDS;XIRECS;9993.0;5
213100;SUBMISSION;BOT_TAKER;EMERALDS;XIRECS;9993.0;7
215100;BOT_MAKER;BOT_TAKER;TOMATOES;XIRECS;5013.0;2
215700;BOT_TAKER;SUBMISSION;TOMATOES;XIRECS;5024.0;4
221200;BOT_MAKER;BOT_TAKER;TOMATOES;XIRECS;5014.0;2
221900;SUBMISSION;BOT_TAKER;EMERALDS;XIRECS;9993.0;7
222400;SUBMISSION;BOT_TAKER;EMERALDS;XIRECS;9993.0;4
224700;BOT_TAKER;BOT_MAKER;TOMATOES;XIRECS;5027.0;3
225400;BOT_TAKER;SUBMISSION;EMERALDS;XIRECS;10007.0;3
225400;BOT_TAKER;BOT_MAKER;TOMATOES;XIRECS;5027.0;2
226700;BOT_TAKER;SUBMISSION;TOMATOES;XIRECS;5028.0;3
227400;BOT_MAKER;BOT_TAKER;TOMATOES;XIRECS;5015.0;4
228000;BOT_TAKER;SUBMISSION;EMERALDS;XIRECS;10007.0;3
229300;BOT_MAKER;BOT_TAKER;TOMATOES;XIRECS;5015.0;2
231000;BOT_TAKER;BOT_MAKER;TOMATOES;XIRECS;5027.0;2
231500;BOT_TAKER;SUBMISSION;EMERALDS;XIRECS;10007.0;6
231800;SUBMISSION;BOT;TOMATOES;XIRECS;5019.0;6
232200;BOT_TAKER;BOT_MAKER;TOMATOES;XIRECS;5028.0;2
234700;SUBMISSION;BOT_TAKER;TOMATOES;XIRECS;5019.0;5
235500;BOT_TAKER;SUBMISSION;EMERALDS;XIRECS;10007.0;7
237000;BOT_TAKER;SUBMISSION;EMERALDS;XIRECS;10007.0;8
238300;SUBMISSION;BOT;TOMATOES;XIRECS;5024.0;10
239700;BOT;SUBMISSION;TOMATOES;XIRECS;5026.0;5
240300;BOT_TAKER;BOT_MAKER;TOMATOES;XIRECS;5033.0;4
240700;BOT_MAKER;BOT_TAKER;TOMATOES;XIRECS;5020.0;2
242500;SUBMISSION;BOT_TAKER;EMERALDS;XIRECS;9993.0;8
242600;BOT_TAKER;SUBMISSION;TOMATOES;XIRECS;5029.0;4
247700;SUBMISSION;BOT;TOMATOES;XIRECS;5019.0;7
249600;SUBMISSION;BOT_TAKER;EMERALDS;XIRECS;9993.0;6
252800;SUBMISSION;BOT_TAKER;EMERALDS;XIRECS;9993.0;6
254200;BOT_MAKER;BOT_TAKER;TOMATOES;XIRECS;5015.0;3
254300;BOT_TAKER;SUBMISSION;TOMATOES;XIRECS;5026.0;3
254700;SUBMISSION;BOT;TOMATOES;XIRECS;5020.0;9
255900;SUBMISSION;BOT_TAKER;EMERALDS;XIRECS;9993.0;3
256600;BOT_MAKER;BOT_TAKER;TOMATOES;XIRECS;5011.0;3
259800;BOT_TAKER;SUBMISSION;TOMATOES;XIRECS;5021.0;5
264000;BOT_MAKER;BOT_TAKER;TOMATOES;XIRECS;5005.0;4
264900;SUBMISSION;BOT_TAKER;TOMATOES;XIRECS;5003.0;5
265100;BOT_TAKER;BOT_MAKER;TOMATOES;XIRECS;5014.0;3
267000;SUBMISSION;BOT_TAKER;EMERALDS;XIRECS;9993.0;5
267500;BOT_TAKER;SUBMISSION;TOMATOES;XIRECS;5011.0;4
269300;BOT_MAKER;BOT_TAKER;TOMATOES;XIRECS;4998.0;2
272300;SUBMISSION;BOT_TAKER;EMERALDS;XIRECS;9993.0;8
273100;BOT_MAKER;BOT_TAKER;TOMATOES;XIRECS;4989.0;2
274700;BOT_TAKER;SUBMISSION;EMERALDS;XIRECS;10007.0;3
275400;SUBMISSION;BOT_TAKER;EMERALDS;XIRECS;9993.0;3
275400;BOT_MAKER;BOT_TAKER;EMERALDS;XIRECS;9992.0;4
275700;BOT_TAKER;SUBMISSION;TOMATOES;XIRECS;5001.0;4
278000;BOT_MAKER;BOT_TAKER;TOMATOES;XIRECS;4993.0;4
278700;BOT_MAKER;BOT_TAKER;TOMATOES;XIRECS;4993.0;3
279400;BOT_MAKER;BOT_TAKER;TOMATOES;XIRECS;4991.0;2
279600;BOT_TAKER;SUBMISSION;EMERALDS;XIRECS;10007.0;5
280800;BOT_TAKER;SUBMISSION;TOMATOES;XIRECS;5002.0;2
281100;BOT_MAKER;BOT_TAKER;TOMATOES;XIRECS;4992.0;3
289100;BOT_MAKER;BOT_TAKER;TOMATOES;XIRECS;4997.0;5
290000;BOT_MAKER;BOT_TAKER;TOMATOES;XIRECS;4998.0;2
290900;BOT_TAKER;BOT_MAKER;TOMATOES;XIRECS;5011.0;4
293500;SUBMISSION;BOT;TOMATOES;XIRECS;5001.0;5
293500;BOT_MAKER;BOT_TAKER;TOMATOES;XIRECS;4996.0;3
295400;BOT_MAKER;BOT_TAKER;TOMATOES;XIRECS;4996.0;2
296500;BOT_TAKER;SUBMISSION;TOMATOES;XIRECS;5008.0;5
299300;BOT;SUBMISSION;TOMATOES;XIRECS;5003.0;8
300800;BOT_TAKER;SUBMISSION;EMERALDS;XIRECS;10007.0;7
303100;BOT_TAKER;SUBMISSION;TOMATOES;XIRECS;5006.0;2
305300;SUBMISSION;BOT_TAKER;TOMATOES;XIRECS;4992.0;3
305600;BOT_TAKER;BOT_MAKER;TOMATOES;XIRECS;5004.0;5
305800;SUBMISSION;BOT_TAKER;EMERALDS;XIRECS;9993.0;6
307000;SUBMISSION;BOT_TAKER;TOMATOES;XIRECS;4990.0;4
308800;SUBMISSION;BOT_TAKER;EMERALDS;XIRECS;9993.0;5
311000;BOT;SUBMISSION;TOMATOES;XIRECS;4993.0;7
312200;BOT_MAKER;BOT_TAKER;TOMATOES;XIRECS;4991.0;5
312500;SUBMISSION;BOT_TAKER;TOMATOES;XIRECS;4991.0;1
312500;BOT_MAKER;BOT_TAKER;TOMATOES;XIRECS;4990.0;3
314900;BOT_TAKER;BOT_MAKER;TOMATOES;XIRECS;5003.0;4
317700;SUBMISSION;BOT_TAKER;EMERALDS;XIRECS;9993.0;1
317700;BOT_MAKER;BOT_TAKER;EMERALDS;XIRECS;9992.0;5
318000;BOT_MAKER;BOT_TAKER;EMERALDS;XIRECS;9992.0;5
318600;BOT_TAKER;SUBMISSION;EMERALDS;XIRECS;10007.0;4
320600;BOT_TAKER;SUBMISSION;TOMATOES;XIRECS;5008.0;4
321300;BOT_TAKER;BOT_MAKER;TOMATOES;XIRECS;5010.0;5
321900;BOT_MAKER;BOT_TAKER;TOMATOES;XIRECS;4997.0;2
322100;BOT_TAKER;SUBMISSION;EMERALDS;XIRECS;10007.0;5
324900;BOT_MAKER;BOT_TAKER;TOMATOES;XIRECS;4994.0;3
327400;BOT_TAKER;SUBMISSION;TOMATOES;XIRECS;5005.0;2
328800;BOT_TAKER;BOT_MAKER;TOMATOES;XIRECS;5008.0;4
330200;BOT_TAKER;BOT_MAKER;TOMATOES;XIRECS;5004.0;4
330600;BOT_MAKER;BOT_TAKER;TOMATOES;XIRECS;4990.0;3
333700;SUBMISSION;BOT_TAKER;TOMATOES;XIRECS;4986.0;4
335400;SUBMISSION;BOT_TAKER;TOMATOES;XIRECS;4986.0;4
335600;SUBMISSION;BOT_TAKER;TOMATOES;XIRECS;4986.0;5
337900;BOT_TAKER;SUBMISSION;EMERALDS;XIRECS;10007.0;8
338900;BOT_TAKER;SUBMISSION;EMERALDS;XIRECS;10007.0;6
339500;SUBMISSION;BOT;TOMATOES;XIRECS;4985.0;9
348000;BOT_MAKER;BOT_TAKER;TOMATOES;XIRECS;4983.0;3
348200;BOT_TAKER;SUBMISSION;TOMATOES;XIRECS;4994.0;2
355200;BOT_TAKER;BOT_MAKER;TOMATOES;XIRECS;5002.0;3
360200;BOT_MAKER;BOT_TAKER;TOMATOES;XIRECS;4986.0;4
360700;BOT_MAKER;BOT_TAKER;TOMATOES;XIRECS;4986.0;4
361100;BOT_MAKER;BOT_TAKER;TOMATOES;XIRECS;4988.0;2
365700;BOT;SUBMISSION;TOMATOES;XIRECS;4998.0;9
367600;BOT_TAKER;SUBMISSION;TOMATOES;XIRECS;5003.0;3
367800;BOT_MAKER;BOT_TAKER;TOMATOES;XIRECS;4991.0;3
368700;SUBMISSION;BOT_TAKER;TOMATOES;XIRECS;4989.0;3
369300;BOT_MAKER;BOT_TAKER;TOMATOES;XIRECS;4989.0;3
369500;BOT;SUBMISSION;TOMATOES;XIRECS;4997.0;8
369700;BOT_TAKER;SUBMISSION;EMERALDS;XIRECS;10007.0;7
370300;BOT_TAKER;BOT_MAKER;TOMATOES;XIRECS;5003.0;5
370600;BOT_TAKER;SUBMISSION;EMERALDS;XIRECS;10007.0;8
372800;BOT_TAKER;SUBMISSION;TOMATOES;XIRECS;5004.0;2
377300;SUBMISSION;BOT_TAKER;TOMATOES;XIRECS;4989.0;5
378400;BOT_TAKER;SUBMISSION;EMERALDS;XIRECS;10007.0;5
379100;BOT_MAKER;BOT_TAKER;TOMATOES;XIRECS;4990.0;3
380300;BOT_MAKER;BOT_TAKER;TOMATOES;XIRECS;4990.0;4
380900;BOT_TAKER;SUBMISSION;EMERALDS;XIRECS;10007.0;6
383400;BOT_TAKER;SUBMISSION;EMERALDS;XIRECS;10007.0;6
385000;BOT_TAKER;SUBMISSION;EMERALDS;XIRECS;10007.0;3
387100;SUBMISSION;BOT_TAKER;EMERALDS;XIRECS;9993.0;4
387700;BOT_MAKER;BOT_TAKER;TOMATOES;XIRECS;4994.0;2
389800;BOT_TAKER;SUBMISSION;TOMATOES;XIRECS;5009.0;2
391400;BOT_TAKER;SUBMISSION;EMERALDS;XIRECS;9999.0;4
392200;SUBMISSION;BOT_TAKER;EMERALDS;XIRECS;9993.0;8
398600;BOT_TAKER;SUBMISSION;EMERALDS;XIRECS;10007.0;6
400300;BOT_MAKER;BOT_TAKER;TOMATOES;XIRECS;4997.0;3
404700;BOT_MAKER;BOT_TAKER;TOMATOES;XIRECS;4996.0;2
406000;BOT;SUBMISSION;TOMATOES;XIRECS;5007.0;10
409500;BOT_TAKER;SUBMISSION;EMERALDS;XIRECS;10007.0;6
409900;BOT_TAKER;SUBMISSION;EMERALDS;XIRECS;9999.0;4
411800;BOT_TAKER;SUBMISSION;TOMATOES;XIRECS;5009.0;2
416500;BOT_TAKER;SUBMISSION;EMERALDS;XIRECS;10007.0;3
419600;BOT_MAKER;BOT_TAKER;TOMATOES;XIRECS;5004.0;2
420900;BOT_TAKER;BOT_MAKER;TOMATOES;XIRECS;5016.0;5
421600;BOT;SUBMISSION;TOMATOES;XIRECS;5010.0;10
421600;SUBMISSION;BOT_TAKER;TOMATOES;XIRECS;5008.0;3
421800;BOT_MAKER;BOT_TAKER;TOMATOES;XIRECS;5004.0;3
422400;SUBMISSION;BOT_TAKER;EMERALDS;XIRECS;9993.0;5
423400;BOT_TAKER;BOT_MAKER;TOMATOES;XIRECS;5015.0;4
423500;SUBMISSION;BOT_TAKER;TOMATOES;XIRECS;5004.0;2
423900;BOT_TAKER;SUBMISSION;EMERALDS;XIRECS;10007.0;4
425500;SUBMISSION;BOT_TAKER;EMERALDS;XIRECS;9993.0;4
426000;SUBMISSION;BOT_TAKER;EMERALDS;XIRECS;9993.0;5
428800;BOT_MAKER;BOT_TAKER;TOMATOES;XIRECS;5002.0;2
429800;BOT_TAKER;BOT_MAKER;TOMATOES;XIRECS;5014.0;2
431100;BOT_TAKER;BOT_MAKER;TOMATOES;XIRECS;5009.0;4
431600;SUBMISSION;BOT_TAKER;EMERALDS;XIRECS;9993.0;6
432200;SUBMISSION;BOT_TAKER;EMERALDS;XIRECS;9993.0;8
432600;BOT_TAKER;BOT_MAKER;TOMATOES;XIRECS;5014.0;4
433600;SUBMISSION;BOT;TOMATOES;XIRECS;5002.0;5
434900;BOT_TAKER;SUBMISSION;TOMATOES;XIRECS;5008.0;5
435500;SUBMISSION;BOT_TAKER;EMERALDS;XIRECS;9993.0;5
440600;BOT_TAKER;SUBMISSION;EMERALDS;XIRECS;10007.0;6
451100;BOT_TAKER;BOT_MAKER;TOMATOES;XIRECS;5016.0;5
451800;SUBMISSION;BOT_TAKER;EMERALDS;XIRECS;9993.0;8
452100;BOT_TAKER;BOT_MAKER;TOMATOES;XIRECS;5015.0;2
453500;SUBMISSION;BOT_TAKER;EMERALDS;XIRECS;9993.0;6
454500;BOT_TAKER;BOT_MAKER;TOMATOES;XIRECS;5015.0;5
454800;SUBMISSION;BOT_TAKER;TOMATOES;XIRECS;5003.0;4
454900;BOT_TAKER;SUBMISSION;EMERALDS;XIRECS;10007.0;7
456700;BOT_TAKER;BOT_MAKER;TOMATOES;XIRECS;5014.0;2
460400;SUBMISSION;BOT_TAKER;TOMATOES;XIRECS;4998.0;4
461900;SUBMISSION;BOT_TAKER;EMERALDS;XIRECS;9993.0;7
462700;SUBMISSION;BOT_TAKER;TOMATOES;XIRECS;4994.0;2
464400;BOT_TAKER;SUBMISSION;EMERALDS;XIRECS;10007.0;6
464900;BOT_TAKER;SUBMISSION;EMERALDS;XIRECS;10007.0;4
466900;BOT_MAKER;BOT_TAKER;TOMATOES;XIRECS;4991.0;4
468400;BOT_MAKER;BOT_TAKER;TOMATOES;XIRECS;4992.0;5
469700;BOT_TAKER;SUBMISSION;EMERALDS;XIRECS;10007.0;3
471300;BOT_MAKER;BOT_TAKER;TOMATOES;XIRECS;4990.0;5
471900;SUBMISSION;BOT_TAKER;EMERALDS;XIRECS;9993.0;6
472400;BOT_TAKER;SUBMISSION;TOMATOES;XIRECS;5004.0;3
473200;BOT_TAKER;SUBMISSION;EMERALDS;XIRECS;10007.0;3
473300;SUBMISSION;BOT;TOMATOES;XIRECS;4999.0;6
478200;SUBMISSION;BOT_TAKER;TOMATOES;XIRECS;4998.0;5
482600;SUBMISSION;BOT_TAKER;EMERALDS;XIRECS;9993.0;3
489800;BOT_TAKER;SUBMISSION;EMERALDS;XIRECS;10007.0;4
490300;BOT_TAKER;SUBMISSION;EMERALDS;XIRECS;10007.0;5
493600;BOT_TAKER;SUBMISSION;EMERALDS;XIRECS;10007.0;3
493600;SUBMISSION;BOT_TAKER;TOMATOES;XIRECS;4998.0;4
494600;BOT_MAKER;BOT_TAKER;TOMATOES;XIRECS;4996.0;2
495200;BOT_TAKER;BOT_MAKER;TOMATOES;XIRECS;5008.0;5
496000;SUBMISSION;BOT_TAKER;EMERALDS;XIRECS;9993.0;4
497900;SUBMISSION;BOT;TOMATOES;XIRECS;4999.0;7
499500;SUBMISSION;BOT_TAKER;EMERALDS;XIRECS;9993.0;5
503200;SUBMISSION;BOT_TAKER;EMERALDS;XIRECS;9993.0;3
503600;BOT_MAKER;BOT_TAKER;TOMATOES;XIRECS;4994.0;4
505500;BOT_TAKER;SUBMISSION;EMERALDS;XIRECS;10007.0;6
507400;BOT_TAKER;SUBMISSION;TOMATOES;XIRECS;5006.0;2
510000;BOT_MAKER;BOT_TAKER;TOMATOES;XIRECS;4991.0;2
513400;BOT_MAKER;BOT_TAKER;TOMATOES;XIRECS;4990.0;2
514900;BOT_TAKER;SUBMISSION;EMERALDS;XIRECS;10007.0;8
518300;BOT_TAKER;BOT_MAKER;TOMATOES;XIRECS;5000.0;4
519000;BOT_MAKER;BOT_TAKER;TOMATOES;XIRECS;4986.0;2
521300;SUBMISSION;BOT;TOMATOES;XIRECS;4987.0;12
521300;BOT_TAKER;SUBMISSION;EMERALDS;XIRECS;10007.0;7
522400;BOT_MAKER;BOT_TAKER;TOMATOES;XIRECS;4981.0;5
526300;BOT_TAKER;SUBMISSION;TOMATOES;XIRECS;4991.0;2
527500;BOT_TAKER;BOT_MAKER;TOMATOES;XIRECS;4993.0;2
528200;BOT_TAKER;SUBMISSION;TOMATOES;XIRECS;4991.0;2
528400;BOT_TAKER;SUBMISSION;EMERALDS;XIRECS;10007.0;6
531600;BOT_TAKER;SUBMISSION;EMERALDS;XIRECS;10007.0;7
533300;SUBMISSION;BOT_TAKER;EMERALDS;XIRECS;9993.0;6
533300;BOT_TAKER;BOT_MAKER;TOMATOES;XIRECS;4992.0;2
535800;BOT_TAKER;SUBMISSION;EMERALDS;XIRECS;10007.0;4
537600;BOT_TAKER;SUBMISSION;TOMATOES;XIRECS;4992.0;3
540000;BOT_TAKER;SUBMISSION;EMERALDS;XIRECS;10007.0;8
540400;SUBMISSION;BOT;TOMATOES;XIRECS;4982.0;6
541100;SUBMISSION;BOT;TOMATOES;XIRECS;4984.0;10
541900;BOT_TAKER;BOT_MAKER;TOMATOES;XIRECS;4994.0;2
542400;BOT_MAKER;BOT_TAKER;TOMATOES;XIRECS;4982.0;2
546100;BOT_TAKER;SUBMISSION;EMERALDS;XIRECS;10007.0;5
547900;BOT_MAKER;BOT_TAKER;TOMATOES;XIRECS;4985.0;2
548900;BOT_TAKER;BOT_MAKER;TOMATOES;XIRECS;5002.0;5
552100;BOT_TAKER;SUBMISSION;EMERALDS;XIRECS;10007.0;7
554000;BOT_MAKER;BOT_TAKER;TOMATOES;XIRECS;4989.0;5
554100;BOT_TAKER;BOT_MAKER;TOMATOES;XIRECS;5001.0;2
554300;BOT_TAKER;BOT_MAKER;TOMATOES;XIRECS;5001.0;2
557600;BOT_MAKER;BOT_TAKER;TOMATOES;XIRECS;4994.0;2
558200;SUBMISSION;BOT_TAKER;EMERALDS;XIRECS;9993.0;6
559600;SUBMISSION;BOT;TOMATOES;XIRECS;4990.0;8
559800;BOT_TAKER;BOT_MAKER;TOMATOES;XIRECS;5000.0;5
560900;BOT_TAKER;SUBMISSION;EMERALDS;XIRECS;10007.0;5
561600;SUBMISSION;BOT;TOMATOES;XIRECS;4991.0;11
562300;BOT;SUBMISSION;TOMATOES;XIRECS;4995.0;7
564800;BOT_MAKER;BOT_TAKER;TOMATOES;XIRECS;4985.0;5
570100;BOT_TAKER;SUBMISSION;TOMATOES;XIRECS;5002.0;2
570500;BOT_TAKER;SUBMISSION;TOMATOES;XIRECS;5002.0;5
571800;BOT_MAKER;BOT_TAKER;TOMATOES;XIRECS;4992.0;2
572700;SUBMISSION;BOT_TAKER;EMERALDS;XIRECS;9993.0;5
574200;BOT_TAKER;BOT_MAKER;TOMATOES;XIRECS;5003.0;2
575400;BOT_TAKER;SUBMISSION;EMERALDS;XIRECS;10007.0;8
575700;BOT_MAKER;BOT_TAKER;TOMATOES;XIRECS;4990.0;4
580000;BOT_MAKER;BOT_TAKER;TOMATOES;XIRECS;4987.0;2
582000;BOT_MAKER;BOT_TAKER;TOMATOES;XIRECS;4990.0;2
583000;BOT_TAKER;SUBMISSION;TOMATOES;XIRECS;5000.0;3
583500;BOT_MAKER;BOT_TAKER;TOMATOES;XIRECS;4990.0;4
585700;BOT_TAKER;BOT_MAKER;TOMATOES;XIRECS;5006.0;3
588000;BOT_TAKER;SUBMISSION;TOMATOES;XIRECS;5004.0;3
590000;BOT_TAKER;BOT_MAKER;TOMATOES;XIRECS;5002.0;2
592100;BOT_TAKER;BOT_MAKER;TOMATOES;XIRECS;5001.0;5
593100;BOT_TAKER;SUBMISSION;EMERALDS;XIRECS;10007.0;8
593400;BOT_MAKER;BOT_TAKER;TOMATOES;XIRECS;4987.0;4
597000;BOT;SUBMISSION;TOMATOES;XIRECS;4992.0;5
597800;BOT;SUBMISSION;TOMATOES;XIRECS;4994.0;12
597900;BOT_MAKER;BOT_TAKER;TOMATOES;XIRECS;4986.0;3
601800;BOT_TAKER;SUBMISSION;TOMATOES;XIRECS;4995.0;3
602300;BOT_TAKER;BOT_MAKER;TOMATOES;XIRECS;4997.0;5
603100;SUBMISSION;BOT_TAKER;EMERALDS;XIRECS;9993.0;3
605100;BOT_MAKER;BOT_TAKER;TOMATOES;XIRECS;4987.0;2
606000;BOT_MAKER;BOT_TAKER;TOMATOES;XIRECS;4987.0;2
606600;SUBMISSION;BOT_TAKER;EMERALDS;XIRECS;9993.0;6
610300;BOT_TAKER;SUBMISSION;TOMATOES;XIRECS;5001.0;4
610600;SUBMISSION;BOT_TAKER;TOMATOES;XIRECS;4988.0;3
613000;BOT_TAKER;SUBMISSION;TOMATOES;XIRECS;5000.0;5
614200;SUBMISSION;BOT_TAKER;EMERALDS;XIRECS;9993.0;3
614200;BOT_TAKER;BOT_MAKER;TOMATOES;XIRECS;5002.0;5
614300;SUBMISSION;BOT_TAKER;EMERALDS;XIRECS;9993.0;4
614400;BOT_MAKER;BOT_TAKER;TOMATOES;XIRECS;4989.0;2
615500;BOT_TAKER;SUBMISSION;EMERALDS;XIRECS;10007.0;6
616000;BOT_TAKER;SUBMISSION;EMERALDS;XIRECS;10007.0;8
617700;BOT_TAKER;SUBMISSION;EMERALDS;XIRECS;10007.0;3
620200;BOT_TAKER;BOT_MAKER;TOMATOES;XIRECS;5004.0;2
622300;BOT_MAKER;BOT_TAKER;TOMATOES;XIRECS;4991.0;5
622500;SUBMISSION;BOT_TAKER;EMERALDS;XIRECS;9993.0;5
623400;BOT_TAKER;BOT_MAKER;TOMATOES;XIRECS;5006.0;3
624100;BOT_TAKER;BOT_MAKER;TOMATOES;XIRECS;5006.0;5
628200;BOT_TAKER;SUBMISSION;EMERALDS;XIRECS;10007.0;6
632100;BOT_TAKER;BOT_MAKER;TOMATOES;XIRECS;5011.0;3
632200;BOT_MAKER;BOT_TAKER;TOMATOES;XIRECS;4998.0;3
636500;SUBMISSION;BOT_TAKER;EMERALDS;XIRECS;9993.0;7
636800;BOT_TAKER;SUBMISSION;TOMATOES;XIRECS;5013.0;3
638600;BOT_TAKER;BOT_MAKER;TOMATOES;XIRECS;5010.0;3
639400;BOT_TAKER;BOT_MAKER;TOMATOES;XIRECS;5012.0;4
641500;BOT_TAKER;BOT_MAKER;TOMATOES;XIRECS;5011.0;3
642400;BOT_TAKER;SUBMISSION;EMERALDS;XIRECS;10007.0;6
644600;BOT_TAKER;SUBMISSION;EMERALDS;XIRECS;10007.0;8
647100;SUBMISSION;BOT_TAKER;EMERALDS;XIRECS;9993.0;6
647400;BOT_TAKER;BOT_MAKER;TOMATOES;XIRECS;5011.0;4
648400;BOT_TAKER;SUBMISSION;TOMATOES;XIRECS;5009.0;3
648800;SUBMISSION;BOT_TAKER;EMERALDS;XIRECS;9993.0;6
649500;BOT_TAKER;SUBMISSION;EMERALDS;XIRECS;10007.0;6
652000;BOT_TAKER;BOT_MAKER;TOMATOES;XIRECS;5012.0;3
655400;BOT_TAKER;BOT_MAKER;TOMATOES;XIRECS;5012.0;5
656100;BOT_TAKER;BOT_MAKER;TOMATOES;XIRECS;5014.0;4
657000;BOT_TAKER;SUBMISSION;EMERALDS;XIRECS;10007.0;6
659200;SUBMISSION;BOT_TAKER;TOMATOES;XIRECS;4999.0;3
660100;SUBMISSION;BOT_TAKER;TOMATOES;XIRECS;4998.0;3
662700;BOT;SUBMISSION;TOMATOES;XIRECS;5004.0;5
663200;SUBMISSION;BOT_TAKER;TOMATOES;XIRECS;4996.0;5
663800;BOT_TAKER;SUBMISSION;EMERALDS;XIRECS;10007.0;3
665000;SUBMISSION;BOT_TAKER;EMERALDS;XIRECS;9993.0;7
665500;SUBMISSION;BOT_TAKER;EMERALDS;XIRECS;9993.0;8
666700;SUBMISSION;BOT_TAKER;EMERALDS;XIRECS;9993.0;5
670300;BOT_TAKER;SUBMISSION;EMERALDS;XIRECS;10007.0;8
670700;SUBMISSION;BOT_TAKER;EMERALDS;XIRECS;9993.0;6
673400;BOT_MAKER;BOT_TAKER;TOMATOES;XIRECS;5001.0;3
673700;BOT_TAKER;BOT_MAKER;TOMATOES;XIRECS;5016.0;5
678200;BOT_MAKER;BOT_TAKER;TOMATOES;XIRECS;5005.0;2
679100;BOT_MAKER;BOT_TAKER;TOMATOES;XIRECS;5005.0;3
680100;BOT_TAKER;BOT_MAKER;TOMATOES;XIRECS;5018.0;2
680300;BOT_TAKER;SUBMISSION;TOMATOES;XIRECS;5017.0;5
680700;SUBMISSION;BOT;TOMATOES;XIRECS;5010.0;5
681700;BOT;SUBMISSION;TOMATOES;XIRECS;5014.0;8
684600;SUBMISSION;BOT_TAKER;EMERALDS;XIRECS;9993.0;3
684600;BOT_MAKER;BOT_TAKER;TOMATOES;XIRECS;5006.0;3
684700;SUBMISSION;BOT_TAKER;TOMATOES;XIRECS;5007.0;3
686300;SUBMISSION;BOT_TAKER;TOMATOES;XIRECS;5003.0;2
689400;BOT_TAKER;BOT_MAKER;TOMATOES;XIRECS;5016.0;4
691900;BOT_TAKER;BOT_MAKER;TOMATOES;XIRECS;5014.0;2
692700;BOT;SUBMISSION;TOMATOES;XIRECS;5010.0;12
696300;BOT_MAKER;BOT_TAKER;TOMATOES;XIRECS;4998.0;4
697000;BOT_TAKER;SUBMISSION;EMERALDS;XIRECS;10007.0;4
697000;BOT_MAKER;BOT_TAKER;TOMATOES;XIRECS;5000.0;2
699000;SUBMISSION;BOT;TOMATOES;XIRECS;5005.0;10
701000;BOT_MAKER;BOT_TAKER;TOMATOES;XIRECS;4998.0;2
702800;SUBMISSION;BOT_TAKER;EMERALDS;XIRECS;9993.0;7
702900;BOT_TAKER;BOT_MAKER;TOMATOES;XIRECS;5010.0;3
704100;BOT_TAKER;BOT_MAKER;TOMATOES;XIRECS;5006.0;2
704200;SUBMISSION;BOT_TAKER;TOMATOES;XIRECS;4994.0;4
704900;BOT_TAKER;BOT_MAKER;TOMATOES;XIRECS;5005.0;5
707600;BOT_MAKER;BOT_TAKER;TOMATOES;XIRECS;4998.0;4
707600;BOT_MAKER;BOT_TAKER;TOMATOES;XIRECS;4992.0;1
708400;BOT_TAKER;SUBMISSION;EMERALDS;XIRECS;10007.0;8
711000;SUBMISSION;BOT_TAKER;TOMATOES;XIRECS;4991.0;5
711400;BOT_MAKER;BOT_TAKER;TOMATOES;XIRECS;4990.0;2
711600;BOT_TAKER;SUBMISSION;TOMATOES;XIRECS;5003.0;2
712000;BOT_TAKER;BOT_MAKER;TOMATOES;XIRECS;5003.0;5
713500;SUBMISSION;BOT_TAKER;EMERALDS;XIRECS;9993.0;6
717200;SUBMISSION;BOT_TAKER;EMERALDS;XIRECS;9993.0;8
720600;SUBMISSION;BOT_TAKER;EMERALDS;XIRECS;9993.0;7
721300;BOT_TAKER;SUBMISSION;EMERALDS;XIRECS;10007.0;8
724600;BOT_TAKER;BOT_MAKER;TOMATOES;XIRECS;5002.0;3
729500;BOT_MAKER;BOT_TAKER;TOMATOES;XIRECS;4991.0;4
730100;SUBMISSION;BOT_TAKER;EMERALDS;XIRECS;9993.0;4
730700;SUBMISSION;BOT_TAKER;EMERALDS;XIRECS;9993.0;8
739300;BOT_MAKER;BOT_TAKER;TOMATOES;XIRECS;4990.0;3
740400;BOT_TAKER;SUBMISSION;TOMATOES;XIRECS;5004.0;5
740500;BOT_TAKER;SUBMISSION;EMERALDS;XIRECS;10007.0;3
743500;BOT_TAKER;BOT_MAKER;TOMATOES;XIRECS;5005.0;5
743800;SUBMISSION;BOT_TAKER;EMERALDS;XIRECS;9993.0;6
745100;BOT_TAKER;SUBMISSION;EMERALDS;XIRECS;10007.0;7
747600;SUBMISSION;BOT_TAKER;EMERALDS;XIRECS;9993.0;8
752100;BOT_TAKER;BOT_MAKER;TOMATOES;XIRECS;5002.0;2
752200;BOT_TAKER;SUBMISSION;EMERALDS;XIRECS;10007.0;6
753500;BOT_TAKER;BOT_MAKER;TOMATOES;XIRECS;5005.0;3
753900;BOT_MAKER;BOT_TAKER;TOMATOES;XIRECS;4992.0;4
754200;SUBMISSION;BOT_TAKER;EMERALDS;XIRECS;9993.0;4
754300;BOT_TAKER;SUBMISSION;EMERALDS;XIRECS;10007.0;7
755400;BOT_MAKER;BOT_TAKER;TOMATOES;XIRECS;4994.0;4
757300;SUBMISSION;BOT_TAKER;TOMATOES;XIRECS;4996.0;4
757800;SUBMISSION;BOT;TOMATOES;XIRECS;4999.0;10
758600;BOT_MAKER;BOT_TAKER;TOMATOES;XIRECS;4992.0;3
762700;BOT_TAKER;BOT_MAKER;TOMATOES;XIRECS;4999.0;2
762700;BOT_TAKER;SUBMISSION;TOMATOES;XIRECS;5000.0;1
763200;SUBMISSION;BOT_TAKER;EMERALDS;XIRECS;9993.0;7
763700;BOT_MAKER;BOT_TAKER;TOMATOES;XIRECS;4991.0;2
766700;SUBMISSION;BOT_TAKER;EMERALDS;XIRECS;9993.0;4
767700;BOT_TAKER;SUBMISSION;EMERALDS;XIRECS;10007.0;5
770300;BOT_MAKER;BOT_TAKER;TOMATOES;XIRECS;4994.0;3
770600;SUBMISSION;BOT_TAKER;EMERALDS;XIRECS;9993.0;5
770700;BOT_TAKER;SUBMISSION;EMERALDS;XIRECS;10007.0;5
770900;SUBMISSION;BOT_TAKER;EMERALDS;XIRECS;9993.0;8
772000;SUBMISSION;BOT_TAKER;EMERALDS;XIRECS;9993.0;6
773300;BOT_MAKER;BOT_TAKER;TOMATOES;XIRECS;4999.0;5
774400;BOT_TAKER;BOT_MAKER;TOMATOES;XIRECS;5004.0;3
774600;BOT_MAKER;BOT_TAKER;TOMATOES;XIRECS;4992.0;3
777200;SUBMISSION;BOT;TOMATOES;XIRECS;4996.0;11
777600;BOT_TAKER;SUBMISSION;EMERALDS;XIRECS;10007.0;6
782700;BOT_TAKER;BOT_MAKER;TOMATOES;XIRECS;5007.0;5
783100;BOT_TAKER;BOT_MAKER;TOMATOES;XIRECS;5006.0;3
784600;BOT_TAKER;BOT_MAKER;TOMATOES;XIRECS;5005.0;4
785300;BOT_TAKER;SUBMISSION;TOMATOES;XIRECS;5003.0;5
785600;BOT_MAKER;BOT_TAKER;TOMATOES;XIRECS;4992.0;2
787600;BOT_MAKER;BOT_TAKER;TOMATOES;XIRECS;4991.0;3
787800;SUBMISSION;BOT_TAKER;TOMATOES;XIRECS;4994.0;4
788900;BOT_MAKER;BOT_TAKER;TOMATOES;XIRECS;4991.0;3
792500;SUBMISSION;BOT;TOMATOES;XIRECS;4996.0;11
792800;BOT_TAKER;SUBMISSION;TOMATOES;XIRECS;5002.0;4
792900;BOT_MAKER;BOT_TAKER;TOMATOES;XIRECS;4991.0;3
794100;BOT_MAKER;BOT_TAKER;TOMATOES;XIRECS;4991.0;5
794500;SUBMISSION;BOT_TAKER;EMERALDS;XIRECS;9993.0;4
798000;SUBMISSION;BOT_TAKER;EMERALDS;XIRECS;9993.0;4
799000;BOT_TAKER;SUBMISSION;TOMATOES;XIRECS;5002.0;5
799300;BOT_MAKER;BOT_TAKER;TOMATOES;XIRECS;4991.0;4
800100;BOT_MAKER;BOT_TAKER;TOMATOES;XIRECS;4990.0;2
800700;BOT_MAKER;BOT_TAKER;TOMATOES;XIRECS;4992.0;3
801000;BOT_TAKER;SUBMISSION;EMERALDS;XIRECS;10007.0;5
803000;BOT_TAKER;SUBMISSION;EMERALDS;XIRECS;10007.0;6
808100;BOT_TAKER;SUBMISSION;TOMATOES;XIRECS;5005.0;4
808400;BOT_MAKER;BOT_TAKER;TOMATOES;XIRECS;4992.0;5
809800;BOT;SUBMISSION;TOMATOES;XIRECS;4999.0;5
810800;BOT_TAKER;SUBMISSION;TOMATOES;XIRECS;5003.0;4
812300;BOT;SUBMISSION;TOMATOES;XIRECS;5000.0;12
812300;BOT_TAKER;SUBMISSION;TOMATOES;XIRECS;5002.0;4
812500;BOT_TAKER;SUBMISSION;TOMATOES;XIRECS;5005.0;5
813200;BOT_TAKER;SUBMISSION;TOMATOES;XIRECS;5005.0;5
813600;BOT_TAKER;SUBMISSION;TOMATOES;XIRECS;5006.0;5
813900;BOT;SUBMISSION;TOMATOES;XIRECS;5003.0;9
814500;SUBMISSION;BOT_TAKER;TOMATOES;XIRECS;4997.0;5
816200;BOT_TAKER;SUBMISSION;EMERALDS;XIRECS;10007.0;8
816500;SUBMISSION;BOT;TOMATOES;XIRECS;4998.0;5
819200;BOT_TAKER;BOT_MAKER;TOMATOES;XIRECS;5006.0;2
820100;BOT_TAKER;BOT_MAKER;TOMATOES;XIRECS;4998.0;5
820500;BOT_TAKER;BOT_MAKER;TOMATOES;XIRECS;5006.0;5
821400;SUBMISSION;BOT;TOMATOES;XIRECS;5000.0;6
821600;BOT_TAKER;SUBMISSION;EMERALDS;XIRECS;10007.0;5
822100;BOT_MAKER;BOT_TAKER;TOMATOES;XIRECS;4997.0;2
822200;BOT_TAKER;SUBMISSION;EMERALDS;XIRECS;10007.0;7
822600;SUBMISSION;BOT_TAKER;TOMATOES;XIRECS;4997.0;3
823000;SUBMISSION;BOT_TAKER;EMERALDS;XIRECS;9993.0;3
823900;BOT_TAKER;SUBMISSION;EMERALDS;XIRECS;10007.0;3
825600;BOT_TAKER;SUBMISSION;TOMATOES;XIRECS;5009.0;4
826000;BOT_MAKER;BOT_TAKER;TOMATOES;XIRECS;4996.0;3
827300;BOT_TAKER;SUBMISSION;TOMATOES;XIRECS;5009.0;2
828100;BOT_TAKER;SUBMISSION;EMERALDS;XIRECS;10007.0;4
829500;SUBMISSION;BOT_TAKER;EMERALDS;XIRECS;9993.0;3
836300;SUBMISSION;BOT_TAKER;TOMATOES;XIRECS;4994.0;3
837600;BOT_TAKER;BOT_MAKER;TOMATOES;XIRECS;5002.0;4
838900;BOT_TAKER;BOT_MAKER;TOMATOES;XIRECS;5003.0;3
839400;BOT_TAKER;SUBMISSION;EMERALDS;XIRECS;10007.0;7
840300;BOT_MAKER;BOT_TAKER;TOMATOES;XIRECS;4993.0;2
840600;BOT;SUBMISSION;TOMATOES;XIRECS;5001.0;11
841400;BOT_TAKER;SUBMISSION;EMERALDS;XIRECS;10007.0;8
843700;SUBMISSION;BOT_TAKER;TOMATOES;XIRECS;4996.0;2
844300;BOT_TAKER;SUBMISSION;EMERALDS;XIRECS;10007.0;6
845800;BOT_TAKER;SUBMISSION;EMERALDS;XIRECS;10007.0;8
846700;BOT_TAKER;BOT_MAKER;TOMATOES;XIRECS;5006.0;5
847600;BOT_TAKER;BOT_MAKER;TOMATOES;XIRECS;5009.0;3
848000;SUBMISSION;BOT_TAKER;TOMATOES;XIRECS;4996.0;3
848700;SUBMISSION;BOT_TAKER;EMERALDS;XIRECS;9993.0;6
848800;SUBMISSION;BOT_TAKER;EMERALDS;XIRECS;9993.0;8
850200;SUBMISSION;BOT_TAKER;EMERALDS;XIRECS;9993.0;6
851100;SUBMISSION;BOT_TAKER;TOMATOES;XIRECS;4997.0;3
854600;BOT_TAKER;SUBMISSION;EMERALDS;XIRECS;10007.0;3
855100;BOT_TAKER;SUBMISSION;EMERALDS;XIRECS;10007.0;7
857700;SUBMISSION;BOT_TAKER;TOMATOES;XIRECS;4999.0;4
859700;SUBMISSION;BOT_TAKER;EMERALDS;XIRECS;9993.0;6
860700;BOT_TAKER;SUBMISSION;EMERALDS;XIRECS;10007.0;6
864900;SUBMISSION;BOT_TAKER;TOMATOES;XIRECS;4997.0;5
865300;SUBMISSION;BOT_TAKER;EMERALDS;XIRECS;9993.0;6
868000;BOT_MAKER;BOT_TAKER;TOMATOES;XIRECS;4994.0;4
868200;SUBMISSION;BOT_TAKER;EMERALDS;XIRECS;9993.0;7
870800;BOT_TAKER;BOT_MAKER;TOMATOES;XIRECS;5000.0;3
872000;BOT_MAKER;BOT_TAKER;TOMATOES;XIRECS;4992.0;2
872700;SUBMISSION;BOT;TOMATOES;XIRECS;4995.0;8
872700;SUBMISSION;BOT_TAKER;TOMATOES;XIRECS;4994.0;2
873300;BOT_TAKER;BOT_MAKER;TOMATOES;XIRECS;5004.0;5
874100;BOT_TAKER;BOT_MAKER;TOMATOES;XIRECS;5004.0;5
874200;BOT_MAKER;BOT_TAKER;TOMATOES;XIRECS;4991.0;2
876200;SUBMISSION;BOT;TOMATOES;XIRECS;4998.0;9
876400;BOT_MAKER;BOT_TAKER;TOMATOES;XIRECS;4992.0;2
877100;BOT_MAKER;BOT_TAKER;TOMATOES;XIRECS;4994.0;2
880100;BOT_MAKER;BOT_TAKER;TOMATOES;XIRECS;4997.0;3
880200;BOT_TAKER;BOT_MAKER;TOMATOES;XIRECS;5010.0;2
880900;SUBMISSION;BOT_TAKER;EMERALDS;XIRECS;9993.0;6
884500;BOT_TAKER;SUBMISSION;TOMATOES;XIRECS;5008.0;3
889400;BOT_TAKER;SUBMISSION;TOMATOES;XIRECS;5007.0;4
890600;BOT_TAKER;SUBMISSION;EMERALDS;XIRECS;10007.0;6
891300;BOT_MAKER;BOT_TAKER;TOMATOES;XIRECS;4999.0;3
891800;BOT_TAKER;SUBMISSION;EMERALDS;XIRECS;10007.0;7
891900;BOT_TAKER;BOT_MAKER;TOMATOES;XIRECS;5010.0;3
895900;SUBMISSION;BOT_TAKER;TOMATOES;XIRECS;4997.0;4
896700;SUBMISSION;BOT_TAKER;EMERALDS;XIRECS;9993.0;6
897200;BOT_TAKER;BOT_MAKER;TOMATOES;XIRECS;5008.0;5
897600;BOT_MAKER;BOT_TAKER;TOMATOES;XIRECS;4997.0;2
899700;BOT_MAKER;BOT_TAKER;TOMATOES;XIRECS;5002.0;2
900100;SUBMISSION;BOT_TAKER;EMERALDS;XIRECS;9993.0;7
901900;BOT_MAKER;BOT_TAKER;TOMATOES;XIRECS;5003.0;5
906100;BOT_MAKER;BOT_TAKER;TOMATOES;XIRECS;4997.0;3
908500;BOT_TAKER;SUBMISSION;EMERALDS;XIRECS;10007.0;8
911700;BOT_TAKER;BOT_MAKER;TOMATOES;XIRECS;5015.0;3
912200;BOT_TAKER;SUBMISSION;EMERALDS;XIRECS;10007.0;8
913100;SUBMISSION;BOT;TOMATOES;XIRECS;5005.0;7
913900;SUBMISSION;BOT_TAKER;EMERALDS;XIRECS;9993.0;5
915200;BOT_TAKER;BOT_MAKER;TOMATOES;XIRECS;5013.0;5
916100;BOT_MAKER;BOT_TAKER;TOMATOES;XIRECS;4999.0;5
916900;BOT_TAKER;SUBMISSION;TOMATOES;XIRECS;5010.0;5
918000;SUBMISSION;BOT_TAKER;EMERALDS;XIRECS;9993.0;3
918900;BOT_MAKER;BOT_TAKER;TOMATOES;XIRECS;4997.0;3
919100;BOT_TAKER;SUBMISSION;TOMATOES;XIRECS;5009.0;5
919400;BOT_MAKER;BOT_TAKER;TOMATOES;XIRECS;4996.0;3
919800;BOT_MAKER;BOT_TAKER;TOMATOES;XIRECS;4998.0;2
920100;BOT_MAKER;BOT_TAKER;TOMATOES;XIRECS;4998.0;4
920800;BOT_TAKER;BOT_MAKER;TOMATOES;XIRECS;5015.0;5
924300;BOT;SUBMISSION;TOMATOES;XIRECS;5007.0;7
924500;BOT_MAKER;BOT_TAKER;TOMATOES;XIRECS;5000.0;3
925800;SUBMISSION;BOT_TAKER;EMERALDS;XIRECS;9993.0;5
925900;BOT_TAKER;SUBMISSION;TOMATOES;XIRECS;5012.0;5
926200;BOT_TAKER;BOT_MAKER;TOMATOES;XIRECS;5012.0;2
926300;SUBMISSION;BOT;TOMATOES;XIRECS;5004.0;5
927700;SUBMISSION;BOT_TAKER;EMERALDS;XIRECS;9993.0;8
928600;BOT_MAKER;BOT_TAKER;TOMATOES;XIRECS;5003.0;4
928700;BOT_MAKER;BOT_TAKER;TOMATOES;XIRECS;5009.0;2
929500;BOT_MAKER;BOT_TAKER;TOMATOES;XIRECS;5005.0;2
929600;BOT_TAKER;BOT_MAKER;TOMATOES;XIRECS;5019.0;3
930100;BOT_MAKER;BOT_TAKER;TOMATOES;XIRECS;5004.0;5
930500;BOT_TAKER;SUBMISSION;TOMATOES;XIRECS;5018.0;4
933500;SUBMISSION;BOT;TOMATOES;XIRECS;5012.0;6
935100;BOT_MAKER;BOT_TAKER;TOMATOES;XIRECS;5004.0;3
935800;BOT_TAKER;SUBMISSION;TOMATOES;XIRECS;5017.0;2
936300;BOT_TAKER;SUBMISSION;TOMATOES;XIRECS;5017.0;2
937400;BOT_TAKER;BOT_MAKER;TOMATOES;XIRECS;5019.0;5
939400;BOT_TAKER;SUBMISSION;EMERALDS;XIRECS;10007.0;8
940500;BOT_MAKER;BOT_TAKER;TOMATOES;XIRECS;5005.0;2
942100;BOT_MAKER;BOT_TAKER;TOMATOES;XIRECS;5003.0;2
943400;BOT_MAKER;BOT_TAKER;TOMATOES;XIRECS;5000.0;5
945100;SUBMISSION;BOT;TOMATOES;XIRECS;5006.0;9
948900;BOT_MAKER;BOT_TAKER;TOMATOES;XIRECS;5002.0;4
949000;BOT_MAKER;BOT_TAKER;TOMATOES;XIRECS;5003.0;5
949100;BOT_TAKER;SUBMISSION;EMERALDS;XIRECS;10007.0;6
949200;BOT_TAKER;SUBMISSION;EMERALDS;XIRECS;10007.0;3
949900;BOT_TAKER;SUBMISSION;TOMATOES;XIRECS;5013.0;3
950700;BOT_MAKER;BOT_TAKER;TOMATOES;XIRECS;5004.0;3
955200;SUBMISSION;BOT_TAKER;EMERALDS;XIRECS;9993.0;5
955500;BOT_TAKER;BOT_MAKER;TOMATOES;XIRECS;5013.0;5
955900;BOT_MAKER;BOT_TAKER;TOMATOES;XIRECS;5000.0;2
957200;BOT_TAKER;SUBMISSION;EMERALDS;XIRECS;10007.0;5
957600;BOT_MAKER;BOT_TAKER;TOMATOES;XIRECS;4999.0;3
960400;BOT_TAKER;SUBMISSION;TOMATOES;XIRECS;5014.0;5
962600;SUBMISSION;BOT_TAKER;TOMATOES;XIRECS;5006.0;4
966800;BOT_TAKER;SUBMISSION;EMERALDS;XIRECS;10007.0;4
969300;BOT_TAKER;BOT_MAKER;TOMATOES;XIRECS;5022.0;4
970200;BOT_TAKER;BOT_MAKER;TOMATOES;XIRECS;5018.0;2
971900;SUBMISSION;BOT_TAKER;TOMATOES;XIRECS;5006.0;2
972500;BOT_TAKER;BOT_MAKER;TOMATOES;XIRECS;5019.0;4
974300;BOT_TAKER;BOT_MAKER;TOMATOES;XIRECS;5020.0;3
975000;BOT_TAKER;BOT_MAKER;TOMATOES;XIRECS;5021.0;4
975100;BOT_TAKER;BOT_MAKER;TOMATOES;XIRECS;5021.0;4
975200;SUBMISSION;BOT_TAKER;TOMATOES;XIRECS;5009.0;2
976800;BOT_TAKER;SUBMISSION;EMERALDS;XIRECS;10007.0;4
977800;BOT_MAKER;BOT_TAKER;TOMATOES;XIRECS;5010.0;2
978900;BOT_TAKER;SUBMISSION;TOMATOES;XIRECS;5022.0;4
982100;SUBMISSION;BOT_TAKER;EMERALDS;XIRECS;9993.0;5
985500;SUBMISSION;BOT_TAKER;EMERALDS;XIRECS;9993.0;7
985800;BOT_TAKER;BOT_MAKER;TOMATOES;XIRECS;5022.0;2
987000;BOT_MAKER;BOT_TAKER;TOMATOES;XIRECS;5012.0;3
987900;BOT_MAKER;BOT_TAKER;TOMATOES;XIRECS;5012.0;5
991000;BOT_MAKER;BOT_TAKER;TOMATOES;XIRECS;5012.0;4
991700;BOT_TAKER;BOT_MAKER;TOMATOES;XIRECS;5025.0;4
991900;SUBMISSION;BOT_TAKER;EMERALDS;XIRECS;9993.0;7
994600;BOT_MAKER;BOT_TAKER;TOMATOES;XIRECS;5011.0;3
996900;BOT_MAKER;BOT_TAKER;TOMATOES;XIRECS;5011.0;2
997700;BOT_MAKER;BOT_TAKER;TOMATOES;XIRECS;5012.0;3
999200;BOT_MAKER;BOT_TAKER;TOMATOES;XIRECS;5010.0;4
