timestamp;buyer;seller;symbol;currency;price;quantity
600;BOT_MAKER;BOT_TAKER;TOMATOES;XIRECS;4999.0;5
700;SUBMISSION;BOT;TOMATOES;XIRECS;5003.0;11
1500;BOT_TAKER;SUBMISSION;TOMATOES;XIRECS;5010.0;3
2300;BOT_MAKER;BOT_TAKER;TOMATOES;XIRECS;5000.0;4
3000;SUBMISSION;BOT;TOMATOES;XIRECS;5004.0;10
4400;BOT_MAKER;BOT_TAKER;TOMATOES;XIRECS;5003.0;3
4600;BOT_MAKER;BOT_TAKER;TOMATOES;XIRECS;4998.0;2
5800;SUBMISSION;BOT_TAKER;EMERALDS;XIRECS;9993.0;7
6700;BOT_TAKER;BOT_MAKER;TOMATOES;XIRECS;5011.0;3
6800;BOT_TAKER;SUBMISSION;EMERALDS;XIRECS;10007.0;4
6900;BOT_MAKER;BOT_TAKER;TOMATOES;XIRECS;4997.0;5
7200;BOT_MAKER;BOT_TAKER;TOMATOES;XIRECS;4997.0;3
10600;BOT_TAKER;BOT_MAKER;TOMATOES;XIRECS;5016.0;4
11800;BOT_MAKER;BOT_TAKER;TOMATOES;XIRECS;5004.0;4
12800;SUBMISSION;BOT_TAKER;EMERALDS;XIRECS;9993.0;8
13100;BOT_TAKER;SUBMISSION;EMERALDS;XIRECS;10007.0;7
14600;BOT_MAKER;BOT_TAKER;TOMATOES;XIRECS;5002.0;4
17300;BOT_MAKER;BOT_TAKER;TOMATOES;XIRECS;5004.0;4
20700;BOT_TAKER;BOT_MAKER;TOMATOES;XIRECS;5011.0;5
20900;BOT_TAKER;SUBMISSION;EMERALDS;XIRECS;10007.0;7
21900;BOT_TAKER;SUBMISSION;EMERALDS;XIRECS;10007.0;8
23100;BOT_MAKER;BOT_TAKER;TOMATOES;XIRECS;4998.0;3
23700;BOT_TAKER;SUBMISSION;EMERALDS;XIRECS;10007.0;4
24300;BOT_TAKER;BOT_MAKER;TOMATOES;XIRECS;5010.0;5
26000;BOT_TAKER;BOT_MAKER;TOMATOES;XIRECS;5012.0;2
27500;BOT_MAKER;BOT_TAKER;TOMATOES;XIRECS;4998.0;2
30900;BOT_TAKER;SUBMISSION;EMERALDS;XIRECS;10007.0;3
34800;BOT_TAKER;SUBMISSION;TOMATOES;XIRECS;5012.0;3
35800;SUBMISSION;BOT_TAKER;EMERALDS;XIRECS;9993.0;6
36300;BOT_TAKER;SUBMISSION;EMERALDS;XIRECS;10007.0;4
37700;SUBMISSION;BOT_TAKER;EMERALDS;XIRECS;9993.0;4
37700;BOT_MAKER;BOT_TAKER;TOMATOES;XIRECS;5002.0;4
41300;BOT_TAKER;SUBMISSION;EMERALDS;XIRECS;10007.0;8
41400;BOT_MAKER;BOT_TAKER;TOMATOES;XIRECS;5009.0;3
42700;BOT_MAKER;BOT_TAKER;TOMATOES;XIRECS;5011.0;2
45500;BOT_MAKER;BOT_TAKER;TOMATOES;XIRECS;5006.0;2
48700;BOT_TAKER;SUBMISSION;TOMATOES;XIRECS;5017.0;2
50800;BOT_TAKER;BOT_MAKER;TOMATOES;XIRECS;5022.0;5
51400;BOT_TAKER;BOT_MAKER;TOMATOES;XIRECS;5022.0;2
51700;BOT_TAKER;BOT_MAKER;TOMATOES;XIRECS;5023.0;2
53500;BOT_MAKER;BOT_TAKER;TOMATOES;XIRECS;5012.0;2
57800;BOT_TAKER;SUBMISSION;EMERALDS;XIRECS;10007.0;3
58000;BOT_MAKER;BOT_TAKER;TOMATOES;XIRECS;5008.0;5
58600;BOT_MAKER;BOT_TAKER;TOMATOES;XIRECS;5009.0;5
59600;BOT_MAKER;BOT_TAKER;TOMATOES;XIRECS;5009.0;5
66300;SUBMISSION;BOT_TAKER;EMERALDS;XIRECS;9993.0;7
66900;BOT_TAKER;SUBMISSION;TOMATOES;XIRECS;5020.0;5
68300;BOT_TAKER;BOT_MAKER;TOMATOES;XIRECS;5021.0;2
71700;BOT_TAKER;BOT_MAKER;TOMATOES;XIRECS;5027.0;5
73100;BOT_TAKER;SUBMISSION;EMERALDS;XIRECS;10007.0;7
75300;BOT_TAKER;BOT_MAKER;TOMATOES;XIRECS;5024.0;4
75600;BOT_MAKER;BOT_TAKER;TOMATOES;XIRECS;5011.0;4
75700;SUBMISSION;BOT_TAKER;EMERALDS;XIRECS;9993.0;6
76900;BOT_MAKER;BOT_TAKER;TOMATOES;XIRECS;5012.0;4
78400;BOT_MAKER;BOT_TAKER;TOMATOES;XIRECS;5013.0;3
78500;BOT_MAKER;BOT_TAKER;TOMATOES;XIRECS;5013.0;3
78600;BOT_TAKER;BOT_MAKER;TOMATOES;XIRECS;5027.0;4
80300;BOT_TAKER;SUBMISSION;EMERALDS;XIRECS;10007.0;3
81500;BOT_MAKER;BOT_TAKER;TOMATOES;XIRECS;5013.0;4
81900;SUBMISSION;BOT_TAKER;TOMATOES;XIRECS;5013.0;4
85400;BOT_MAKER;BOT_TAKER;TOMATOES;XIRECS;5014.0;2
85400;SUBMISSION;BOT_TAKER;TOMATOES;XIRECS;5012.0;3
90200;BOT_MAKER;BOT_TAKER;TOMATOES;XIRECS;5005.0;5
90500;BOT_TAKER;BOT_MAKER;TOMATOES;XIRECS;5018.0;4
91700;BOT_MAKER;BOT_TAKER;TOMATOES;XIRECS;5007.0;4
96100;SUBMISSION;BOT_TAKER;EMERALDS;XIRECS;9993.0;3
97000;BOT_MAKER;BOT_TAKER;TOMATOES;XIRECS;5009.0;5
98700;BOT_TAKER;SUBMISSION;TOMATOES;XIRECS;5018.0;3
104700;BOT_MAKER;BOT_TAKER;TOMATOES;XIRECS;5009.0;2
105300;BOT_MAKER;BOT_TAKER;TOMATOES;XIRECS;5012.0;3
106900;BOT_MAKER;BOT_TAKER;TOMATOES;XIRECS;5011.0;2
107100;SUBMISSION;BOT_TAKER;EMERALDS;XIRECS;9993.0;6
107900;BOT_TAKER;SUBMISSION;EMERALDS;XIRECS;10007.0;4
108100;BOT_TAKER;BOT_MAKER;TOMATOES;XIRECS;5021.0;5
111300;BOT_TAKER;BOT_MAKER;TOMATOES;XIRECS;5018.0;4
114700;BOT_MAKER;BOT_TAKER;TOMATOES;XIRECS;5004.0;3
116900;SUBMISSION;BOT_TAKER;EMERALDS;XIRECS;9993.0;3
117700;BOT_MAKER;BOT_TAKER;TOMATOES;XIRECS;5006.0;2
118900;BOT;SUBMISSION;TOMATOES;XIRECS;5013.0;6
119200;BOT_TAKER;BOT_MAKER;TOMATOES;XIRECS;5019.0;5
119300;BOT_MAKER;BOT_TAKER;TOMATOES;XIRECS;5006.0;3
120000;BOT_MAKER;BOT_TAKER;TOMATOES;XIRECS;5007.0;3
120600;SUBMISSION;BOT_TAKER;EMERALDS;XIRECS;9993.0;3
123900;SUBMISSION;BOT;TOMATOES;XIRECS;5010.0;12
124200;BOT_TAKER;BOT_MAKER;TOMATOES;XIRECS;5018.0;3
125200;BOT_MAKER;BOT_TAKER;TOMATOES;XIRECS;5004.0;5
127900;BOT_TAKER;BOT_MAKER;TOMATOES;XIRECS;5012.0;2
127900;BOT_TAKER;SUBMISSION;TOMATOES;XIRECS;5013.0;3
128400;BOT;SUBMISSION;TOMATOES;XIRECS;5012.0;12
131400;BOT;SUBMISSION;TOMATOES;XIRECS;5014.0;5
133500;BOT_MAKER;BOT_TAKER;TOMATOES;XIRECS;5007.0;3
134000;SUBMISSION;BOT_TAKER;TOMATOES;XIRECS;5007.0;3
134100;BOT_TAKER;SUBMISSION;EMERALDS;XIRECS;10007.0;3
134400;BOT_MAKER;BOT_TAKER;TOMATOES;XIRECS;5006.0;2
135500;SUBMISSION;BOT;TOMATOES;XIRECS;5008.0;8
139200;BOT_MAKER;BOT_TAKER;TOMATOES;XIRECS;5005.0;3
140900;BOT_TAKER;BOT_MAKER;TOMATOES;XIRECS;5019.0;4
141600;BOT_MAKER;BOT_TAKER;TOMATOES;XIRECS;5005.0;4
145300;SUBMISSION;BOT_TAKER;EMERALDS;XIRECS;9993.0;3
145700;SUBMISSION;BOT_TAKER;EMERALDS;XIRECS;9993.0;6
147500;BOT_TAKER;BOT_MAKER;TOMATOES;XIRECS;5021.0;2
147600;BOT_TAKER;BOT_MAKER;TOMATOES;XIRECS;5021.0;3
151200;BOT_MAKER;BOT_TAKER;TOMATOES;XIRECS;5010.0;5
152100;BOT_TAKER;SUBMISSION;EMERALDS;XIRECS;10007.0;7
153700;BOT_MAKER;BOT_TAKER;TOMATOES;XIRECS;5010.0;2
155500;SUBMISSION;BOT;TOMATOES;XIRECS;5015.0;9
156500;SUBMISSION;BOT_TAKER;EMERALDS;XIRECS;9993.0;7
158100;BOT_MAKER;BOT_TAKER;TOMATOES;XIRECS;5009.0;5
161400;BOT_MAKER;BOT_TAKER;TOMATOES;XIRECS;5012.0;4
164500;SUBMISSION;BOT_TAKER;EMERALDS;XIRECS;9993.0;5
165600;BOT_TAKER;BOT_MAKER;TOMATOES;XIRECS;5025.0;3
169100;BOT_TAKER;BOT_MAKER;TOMATOES;XIRECS;5027.0;2
173900;BOT_TAKER;SUBMISSION;EMERALDS;XIRECS;10007.0;3
175000;BOT_MAKER;BOT_TAKER;TOMATOES;XIRECS;5013.0;3
175300;SUBMISSION;BOT_TAKER;EMERALDS;XIRECS;9993.0;5
178000;BOT_MAKER;BOT_TAKER;TOMATOES;XIRECS;5014.0;3
178800;SUBMISSION;BOT_TAKER;EMERALDS;XIRECS;9993.0;4
180200;BOT_TAKER;SUBMISSION;TOMATOES;XIRECS;5026.0;5
182000;BOT_TAKER;SUBMISSION;EMERALDS;XIRECS;10007.0;4
184700;BOT;SUBMISSION;TOMATOES;XIRECS;5024.0;9
184700;BOT_TAKER;SUBMISSION;EMERALDS;XIRECS;10007.0;5
187700;BOT_TAKER;SUBMISSION;EMERALDS;XIRECS;10007.0;7
189300;BOT_TAKER;SUBMISSION;EMERALDS;XIRECS;10007.0;3
191700;BOT_MAKER;BOT_TAKER;TOMATOES;XIRECS;5011.0;2
191900;SUBMISSION;BOT_TAKER;TOMATOES;XIRECS;5012.0;3
196300;BOT_MAKER;BOT_TAKER;TOMATOES;XIRECS;5010.0;5
197100;BOT_TAKER;SUBMISSION;EMERALDS;XIRECS;10007.0;3
197500;SUBMISSION;BOT_TAKER;TOMATOES;XIRECS;5011.0;5
198800;BOT_TAKER;SUBMISSION;TOMATOES;XIRECS;5022.0;2
198900;BOT_TAKER;SUBMISSION;EMERALDS;XIRECS;10007.0;5
199900;BOT_MAKER;BOT_TAKER;TOMATOES;XIRECS;5011.0;5
200000;BOT_MAKER;BOT_TAKER;TOMATOES;XIRECS;5017.0;2
200200;BOT_TAKER;SUBMISSION;EMERALDS;XIRECS;10007.0;7
200300;BOT_TAKER;SUBMISSION;EMERALDS;XIRECS;10007.0;8
202000;BOT_TAKER;BOT_MAKER;TOMATOES;XIRECS;5027.0;2
203600;SUBMISSION;BOT;TOMATOES;XIRECS;5015.0;11
207700;SUBMISSION;BOT_TAKER;EMERALDS;XIRECS;9993.0;4
208200;BOT_MAKER;BOT_TAKER;TOMATOES;XIRECS;5004.0;5
209100;BOT_TAKER;SUBMISSION;EMERALDS;XIRECS;10007.0;5
211100;BOT_MAKER;BOT_TAKER;TOMATOES;XIRECS;5004.0;3
212200;BOT_MAKER;BOT_TAKER;TOMATOES;XIRECS;5005.0;3
212900;BOT_TAKER;SUBMISSION;TOMATOES;XIRECS;5018.0;3
214000;BOT_MAKER;BOT_TAKER;TOMATOES;XIRECS;5004.0;5
217600;BOT_TAKER;SUBMISSION;TOMATOES;XIRECS;5014.0;2
218500;BOT_TAKER;SUBMISSION;EMERALDS;XIRECS;10007.0;3
220800;SUBMISSION;BOT_TAKER;EMERALDS;XIRECS;9993.0;3
221200;BOT_MAKER;BOT_TAKER;TOMATOES;XIRECS;5005.0;3
221600;BOT_TAKER;BOT_MAKER;TOMATOES;XIRECS;5013.0;5
221700;BOT_MAKER;BOT_TAKER;TOMATOES;XIRECS;4999.0;5
223000;BOT_TAKER;BOT_MAKER;TOMATOES;XIRECS;5012.0;2
223600;SUBMISSION;BOT;TOMATOES;XIRECS;5003.0;7
226200;BOT_TAKER;SUBMISSION;EMERALDS;XIRECS;10007.0;4
226700;BOT_MAKER;BOT_TAKER;TOMATOES;XIRECS;4998.0;4
228300;BOT_TAKER;SUBMISSION;TOMATOES;XIRECS;5009.0;3
228400;SUBMISSION;BOT_TAKER;EMERALDS;XIRECS;9993.0;7
233000;SUBMISSION;BOT;TOMATOES;XIRECS;5003.0;10
233300;BOT_TAKER;SUBMISSION;TOMATOES;XIRECS;5007.0;3
233600;BOT_MAKER;BOT_TAKER;TOMATOES;XIRECS;4996.0;3
234200;BOT_MAKER;BOT_TAKER;TOMATOES;XIRECS;4995.0;5
235400;BOT;SUBMISSION;TOMATOES;XIRECS;5002.0;10
235700;BOT_TAKER;BOT_MAKER;TOMATOES;XIRECS;5008.0;5
236100;BOT_MAKER;BOT_TAKER;TOMATOES;XIRECS;4995.0;4
236200;BOT_MAKER;BOT_TAKER;TOMATOES;XIRECS;4995.0;5
236300;SUBMISSION;BOT_TAKER;EMERALDS;XIRECS;9993.0;5
236300;BOT_MAKER;BOT_TAKER;TOMATOES;XIRECS;4995.0;5
236900;BOT_TAKER;SUBMISSION;EMERALDS;XIRECS;10007.0;3
239100;BOT_TAKER;SUBMISSION;EMERALDS;XIRECS;10007.0;8
241100;BOT_TAKER;SUBMISSION;EMERALDS;XIRECS;10007.0;6
245900;BOT_MAKER;BOT_TAKER;TOMATOES;XIRECS;5001.0;4
246300;BOT_TAKER;SUBMISSION;EMERALDS;XIRECS;10007.0;5
246600;SUBMISSION;BOT_TAKER;EMERALDS;XIRECS;9993.0;6
249300;BOT;SUBMISSION;TOMATOES;XIRECS;5010.0;11
250900;BOT_MAKER;BOT_TAKER;TOMATOES;XIRECS;5003.0;2
251000;BOT_MAKER;BOT_TAKER;TOMATOES;XIRECS;5003.0;3
252700;BOT_MAKER;BOT_TAKER;TOMATOES;XIRECS;5003.0;4
253600;SUBMISSION;BOT_TAKER;TOMATOES;XIRECS;5005.0;5
254200;SUBMISSION;BOT;TOMATOES;XIRECS;5009.0;6
254200;BOT_TAKER;SUBMISSION;TOMATOES;XIRECS;5011.0;2
254300;BOT_TAKER;BOT_MAKER;TOMATOES;XIRECS;5016.0;2
257400;BOT_TAKER;SUBMISSION;TOMATOES;XIRECS;5013.0;2
257900;SUBMISSION;BOT;TOMATOES;XIRECS;5006.0;12
257900;BOT_TAKER;SUBMISSION;EMERALDS;XIRECS;10007.0;4
258200;SUBMISSION;BOT_TAKER;EMERALDS;XIRECS;9993.0;5
258900;BOT_TAKER;SUBMISSION;EMERALDS;XIRECS;10007.0;7
260500;SUBMISSION;BOT;TOMATOES;XIRECS;5006.0;10
264600;SUBMISSION;BOT_TAKER;EMERALDS;XIRECS;9993.0;4
266600;SUBMISSION;BOT_TAKER;EMERALDS;XIRECS;9993.0;5
267100;BOT_MAKER;BOT_TAKER;TOMATOES;XIRECS;5010.0;2
267200;SUBMISSION;BOT_TAKER;EMERALDS;XIRECS;9993.0;5
268100;BOT_MAKER;BOT_TAKER;TOMATOES;XIRECS;5010.0;3
269600;BOT_TAKER;BOT_MAKER;TOMATOES;XIRECS;5023.0;2
272800;BOT_MAKER;BOT_TAKER;TOMATOES;XIRECS;5003.0;4
274300;BOT_TAKER;BOT_MAKER;TOMATOES;XIRECS;5018.0;4
275300;BOT_TAKER;SUBMISSION;TOMATOES;XIRECS;5015.0;4
281100;BOT_TAKER;SUBMISSION;TOMATOES;XIRECS;5018.0;5
285500;BOT_MAKER;BOT_TAKER;TOMATOES;XIRECS;5006.0;3
287000;BOT_TAKER;SUBMISSION;TOMATOES;XIRECS;5018.0;4
287100;BOT_TAKER;SUBMISSION;TOMATOES;XIRECS;5018.0;4
289500;BOT_TAKER;BOT_MAKER;TOMATOES;XIRECS;5019.0;3
290400;BOT_MAKER;BOT_TAKER;TOMATOES;XIRECS;5006.0;4
290900;BOT_TAKER;SUBMISSION;TOMATOES;XIRECS;5016.0;5
292000;SUBMISSION;BOT_TAKER;EMERALDS;XIRECS;9993.0;6
292400;BOT_TAKER;SUBMISSION;TOMATOES;XIRECS;5017.0;4
293100;SUBMISSION;BOT_TAKER;EMERALDS;XIRECS;9993.0;7
293800;BOT_MAKER;BOT_TAKER;TOMATOES;XIRECS;5007.0;4
294200;BOT_TAKER;SUBMISSION;EMERALDS;XIRECS;10007.0;5
295700;BOT_MAKER;BOT_TAKER;TOMATOES;XIRECS;5008.0;2
296200;BOT;SUBMISSION;TOMATOES;XIRECS;5016.0;6
296700;BOT_MAKER;BOT_TAKER;TOMATOES;XIRECS;5009.0;3
297400;BOT_TAKER;SUBMISSION;EMERALDS;XIRECS;10007.0;8
298000;BOT_TAKER;BOT_MAKER;TOMATOES;XIRECS;5020.0;3
298300;BOT_MAKER;BOT_TAKER;TOMATOES;XIRECS;5008.0;4
300300;SUBMISSION;BOT_TAKER;TOMATOES;XIRECS;5011.0;2
301600;BOT_TAKER;SUBMISSION;EMERALDS;XIRECS;10007.0;4
302000;SUBMISSION;BOT_TAKER;EMERALDS;XIRECS;9993.0;7
303000;BOT_MAKER;BOT_TAKER;TOMATOES;XIRECS;5013.0;5
303900;BOT_TAKER;SUBMISSION;EMERALDS;XIRECS;10007.0;5
304500;BOT_MAKER;BOT_TAKER;TOMATOES;XIRECS;5015.0;3
304700;BOT_MAKER;BOT_TAKER;TOMATOES;XIRECS;5014.0;5
304900;SUBMISSION;BOT_TAKER;TOMATOES;XIRECS;5015.0;5
305800;BOT_TAKER;SUBMISSION;EMERALDS;XIRECS;10007.0;4
312200;BOT_TAKER;BOT_MAKER;TOMATOES;XIRECS;5030.0;2
313600;BOT_TAKER;BOT_MAKER;TOMATOES;XIRECS;5027.0;3
316200;SUBMISSION;BOT_TAKER;TOMATOES;XIRECS;5013.0;2
316900;BOT_TAKER;SUBMISSION;TOMATOES;XIRECS;5023.0;4
317100;BOT_MAKER;BOT_TAKER;TOMATOES;XIRECS;5012.0;3
317800;BOT_TAKER;SUBMISSION;TOMATOES;XIRECS;5026.0;2
318400;BOT_TAKER;SUBMISSION;TOMATOES;XIRECS;5027.0;4
320800;BOT_TAKER;BOT_MAKER;TOMATOES;XIRECS;5028.0;5
321100;BOT_TAKER;BOT_MAKER;TOMATOES;XIRECS;5028.0;2
321700;BOT_TAKER;SUBMISSION;TOMATOES;XIRECS;5028.0;4
323100;BOT_TAKER;SUBMISSION;TOMATOES;XIRECS;5028.0;4
324700;SUBMISSION;BOT_TAKER;TOMATOES;XIRECS;5019.0;2
325600;BOT_TAKER;BOT_MAKER;TOMATOES;XIRECS;5030.0;3
327800;BOT_MAKER;BOT_TAKER;TOMATOES;XIRECS;5017.0;5
328200;SUBMISSION;BOT_TAKER;EMERALDS;XIRECS;9993.0;7
328500;SUBMISSION;BOT_TAKER;TOMATOES;XIRECS;5017.0;5
330900;BOT_TAKER;BOT_MAKER;TOMATOES;XIRECS;5026.0;2
333000;SUBMISSION;BOT_TAKER;EMERALDS;XIRECS;9993.0;6
333800;SUBMISSION;BOT_TAKER;TOMATOES;XIRECS;5012.0;5
335300;BOT_TAKER;BOT_MAKER;TOMATOES;XIRECS;5022.0;4
335600;BOT_TAKER;BOT_MAKER;TOMATOES;XIRECS;5022.0;2
338700;BOT_TAKER;SUBMISSION;EMERALDS;XIRECS;10007.0;5
338900;SUBMISSION;BOT;TOMATOES;XIRECS;5010.0;7
339700;SUBMISSION;BOT;TOMATOES;XIRECS;5006.0;7
343100;BOT_TAKER;BOT_MAKER;TOMATOES;XIRECS;5013.0;3
345200;BOT_TAKER;SUBMISSION;EMERALDS;XIRECS;10007.0;7
346900;BOT_MAKER;BOT_TAKER;TOMATOES;XIRECS;5000.0;4
349200;BOT_TAKER;SUBMISSION;EMERALDS;XIRECS;10007.0;5
349700;SUBMISSION;BOT;TOMATOES;XIRECS;5005.0;8
351900;BOT_TAKER;BOT_MAKER;TOMATOES;XIRECS;5013.0;3
352700;BOT_TAKER;SUBMISSION;EMERALDS;XIRECS;10007.0;6
355300;BOT_TAKER;BOT_MAKER;TOMATOES;XIRECS;5016.0;3
357100;SUBMISSION;BOT_TAKER;EMERALDS;XIRECS;9993.0;5
357500;BOT_MAKER;BOT_TAKER;TOMATOES;XIRECS;5003.0;3
358600;BOT_MAKER;BOT_TAKER;TOMATOES;XIRECS;5002.0;4
360000;BOT_MAKER;BOT_TAKER;TOMATOES;XIRECS;5002.0;3
362800;SUBMISSION;BOT_TAKER;EMERALDS;XIRECS;9993.0;4
363200;BOT_MAKER;BOT_TAKER;TOMATOES;XIRECS;5001.0;5
363400;BOT_MAKER;BOT_TAKER;TOMATOES;XIRECS;5001.0;2
364100;SUBMISSION;BOT_TAKER;EMERALDS;XIRECS;9993.0;5
365500;BOT_MAKER;BOT_TAKER;TOMATOES;XIRECS;4999.0;3
368400;BOT_MAKER;BOT_TAKER;TOMATOES;XIRECS;5001.0;3
368800;BOT_TAKER;BOT_MAKER;TOMATOES;XIRECS;5011.0;5
373200;BOT_TAKER;SUBMISSION;EMERALDS;XIRECS;10007.0;7
374400;BOT_MAKER;BOT_TAKER;TOMATOES;XIRECS;4996.0;2
375000;SUBMISSION;BOT_TAKER;EMERALDS;XIRECS;9993.0;8
375300;BOT_TAKER;SUBMISSION;TOMATOES;XIRECS;5006.0;5
376200;BOT_MAKER;BOT_TAKER;TOMATOES;XIRECS;4994.0;5
376300;BOT_TAKER;SUBMISSION;EMERALDS;XIRECS;10007.0;3
376400;BOT_TAKER;SUBMISSION;EMERALDS;XIRECS;10007.0;5
377900;SUBMISSION;BOT;TOMATOES;XIRECS;4997.0;5
377900;SUBMISSION;BOT_TAKER;TOMATOES;XIRECS;4995.0;3
383200;BOT_MAKER;BOT_TAKER;TOMATOES;XIRECS;4992.0;4
391200;SUBMISSION;BOT_TAKER;EMERALDS;XIRECS;9993.0;5
391600;BOT_MAKER;BOT_TAKER;TOMATOES;XIRECS;4990.0;5
393000;SUBMISSION;BOT_TAKER;TOMATOES;XIRECS;4991.0;5
398600;BOT_TAKER;BOT_MAKER;TOMATOES;XIRECS;5007.0;5
403000;BOT_MAKER;BOT_TAKER;TOMATOES;XIRECS;4987.0;2
406300;BOT;SUBMISSION;TOMATOES;XIRECS;4994.0;11
410400;BOT_TAKER;BOT_MAKER;TOMATOES;XIRECS;5010.0;5
411800;BOT_TAKER;BOT_MAKER;TOMATOES;XIRECS;5008.0;4
415000;BOT_MAKER;BOT_TAKER;TOMATOES;XIRECS;4997.0;5
420700;SUBMISSION;BOT_TAKER;EMERALDS;XIRECS;9993.0;5
421600;BOT_TAKER;SUBMISSION;EMERALDS;XIRECS;10007.0;7
425800;SUBMISSION;BOT_TAKER;EMERALDS;XIRECS;9993.0;3
426100;BOT_TAKER;SUBMISSION;TOMATOES;XIRECS;5005.0;2
427800;BOT_TAKER;SUBMISSION;EMERALDS;XIRECS;10007.0;7
428200;BOT_MAKER;BOT_TAKER;TOMATOES;XIRECS;4988.0;3
428300;BOT_TAKER;SUBMISSION;EMERALDS;XIRECS;10007.0;5
429900;SUBMISSION;BOT;TOMATOES;XIRECS;4993.0;5
431100;BOT_TAKER;SUBMISSION;TOMATOES;XIRECS;4999.0;5
431800;SUBMISSION;BOT_TAKER;EMERALDS;XIRECS;9993.0;6
432400;SUBMISSION;BOT_TAKER;EMERALDS;XIRECS;9993.0;6
433000;SUBMISSION;BOT_TAKER;EMERALDS;XIRECS;9993.0;7
433900;SUBMISSION;BOT_TAKER;EMERALDS;XIRECS;9993.0;5
434900;BOT_TAKER;SUBMISSION;EMERALDS;XIRECS;10007.0;4
436300;BOT_TAKER;BOT_MAKER;TOMATOES;XIRECS;4995.0;3
437100;BOT_MAKER;BOT_TAKER;TOMATOES;XIRECS;4982.0;3
440700;BOT_TAKER;SUBMISSION;EMERALDS;XIRECS;10007.0;7
443500;BOT_TAKER;SUBMISSION;TOMATOES;XIRECS;5002.0;5
443600;BOT;SUBMISSION;TOMATOES;XIRECS;4999.0;7
443800;BOT_TAKER;BOT_MAKER;TOMATOES;XIRECS;5005.0;3
447800;BOT_TAKER;BOT_MAKER;TOMATOES;XIRECS;4999.0;2
448400;BOT_MAKER;BOT_TAKER;TOMATOES;XIRECS;4985.0;2
448800;BOT_MAKER;BOT_TAKER;TOMATOES;XIRECS;4984.0;2
449700;BOT_MAKER;BOT_TAKER;TOMATOES;XIRECS;4985.0;5
449900;BOT_MAKER;BOT_TAKER;TOMATOES;XIRECS;4990.0;2
452800;BOT_TAKER;SUBMISSION;EMERALDS;XIRECS;10007.0;8
453500;BOT_MAKER;BOT_TAKER;TOMATOES;XIRECS;4985.0;5
454200;BOT_TAKER;SUBMISSION;EMERALDS;XIRECS;10007.0;4
456300;BOT_MAKER;BOT_TAKER;TOMATOES;XIRECS;4984.0;2
461500;BOT_TAKER;BOT_MAKER;TOMATOES;XIRECS;4995.0;2
469400;BOT;SUBMISSION;TOMATOES;XIRECS;4992.0;11
470500;BOT_TAKER;SUBMISSION;TOMATOES;XIRECS;4997.0;5
471100;BOT_TAKER;BOT_MAKER;TOMATOES;XIRECS;4990.0;2
471100;BOT_TAKER;SUBMISSION;TOMATOES;XIRECS;4992.0;2
471700;BOT_TAKER;SUBMISSION;EMERALDS;XIRECS;10007.0;8
473700;BOT_TAKER;SUBMISSION;TOMATOES;XIRECS;4992.0;2
476100;BOT_TAKER;SUBMISSION;TOMATOES;XIRECS;4993.0;5
478100;BOT_MAKER;BOT_TAKER;TOMATOES;XIRECS;4980.0;2
479400;SUBMISSION;BOT_TAKER;EMERALDS;XIRECS;9993.0;3
483000;SUBMISSION;BOT_TAKER;TOMATOES;XIRECS;4979.0;4
484500;BOT_TAKER;SUBMISSION;TOMATOES;XIRECS;4991.0;3
486500;BOT_MAKER;BOT_TAKER;TOMATOES;XIRECS;4974.0;5
490300;SUBMISSION;BOT_TAKER;EMERALDS;XIRECS;9993.0;3
492200;BOT_MAKER;BOT_TAKER;TOMATOES;XIRECS;4974.0;2
492400;BOT_TAKER;SUBMISSION;EMERALDS;XIRECS;10007.0;6
493400;BOT_TAKER;BOT_MAKER;TOMATOES;XIRECS;4984.0;3
494300;BOT_TAKER;SUBMISSION;EMERALDS;XIRECS;10007.0;5
497000;BOT_TAKER;SUBMISSION;EMERALDS;XIRECS;10007.0;3
504500;BOT_TAKER;SUBMISSION;EMERALDS;XIRECS;10007.0;5
506100;BOT_MAKER;BOT_TAKER;TOMATOES;XIRECS;4964.0;5
507200;SUBMISSION;BOT;TOMATOES;XIRECS;4968.0;11
516400;SUBMISSION;BOT_TAKER;EMERALDS;XIRECS;9993.0;3
519000;SUBMISSION;BOT;TOMATOES;XIRECS;4966.0;9
519700;BOT_TAKER;SUBMISSION;TOMATOES;XIRECS;4972.0;5
519900;SUBMISSION;BOT;TOMATOES;XIRECS;4965.0;12
521100;BOT_TAKER;BOT_MAKER;TOMATOES;XIRECS;4970.0;4
522100;BOT_MAKER;BOT_TAKER;TOMATOES;XIRECS;4960.0;5
523600;BOT_MAKER;BOT_TAKER;TOMATOES;XIRECS;4958.0;3
524300;SUBMISSION;BOT_TAKER;EMERALDS;XIRECS;9993.0;6
524700;BOT_MAKER;BOT_TAKER;TOMATOES;XIRECS;4958.0;3
525100;BOT_TAKER;SUBMISSION;TOMATOES;XIRECS;4969.0;4
527000;BOT_TAKER;SUBMISSION;EMERALDS;XIRECS;10007.0;4
528900;BOT;SUBMISSION;TOMATOES;XIRECS;4964.0;11
529700;SUBMISSION;BOT_TAKER;TOMATOES;XIRECS;4956.0;3
534200;SUBMISSION;BOT_TAKER;EMERALDS;XIRECS;9993.0;3
534600;SUBMISSION;BOT_TAKER;EMERALDS;XIRECS;9993.0;7
534800;BOT_TAKER;BOT_MAKER;TOMATOES;XIRECS;4969.0;3
537300;BOT_TAKER;BOT_MAKER;TOMATOES;XIRECS;4966.0;2
538000;BOT_TAKER;SUBMISSION;TOMATOES;XIRECS;4966.0;5
545900;SUBMISSION;BOT;TOMATOES;XIRECS;4961.0;5
546200;BOT;SUBMISSION;TOMATOES;XIRECS;4964.0;9
546800;BOT_TAKER;BOT_MAKER;TOMATOES;XIRECS;4971.0;4
547000;BOT_TAKER;BOT_MAKER;TOMATOES;XIRECS;4970.0;5
547300;BOT_TAKER;BOT_MAKER;TOMATOES;XIRECS;4970.0;4
547900;BOT_MAKER;BOT_TAKER;TOMATOES;XIRECS;4958.0;4
549200;BOT_TAKER;BOT_MAKER;TOMATOES;XIRECS;4974.0;2
553300;BOT_MAKER;BOT_TAKER;TOMATOES;XIRECS;4965.0;3
556300;SUBMISSION;BOT_TAKER;TOMATOES;XIRECS;4967.0;3
562000;BOT_TAKER;BOT_MAKER;TOMATOES;XIRECS;4975.0;3
564400;SUBMISSION;BOT_TAKER;EMERALDS;XIRECS;9993.0;6
565500;BOT_TAKER;SUBMISSION;EMERALDS;XIRECS;10007.0;4
566900;SUBMISSION;BOT_TAKER;EMERALDS;XIRECS;9993.0;6
567700;SUBMISSION;BOT_TAKER;EMERALDS;XIRECS;9993.0;8
568300;SUBMISSION;BOT_TAKER;EMERALDS;XIRECS;9993.0;6
568500;BOT_TAKER;SUBMISSION;EMERALDS;XIRECS;10007.0;5
568600;BOT_TAKER;BOT_MAKER;TOMATOES;XIRECS;4974.0;3
569500;SUBMISSION;BOT;TOMATOES;XIRECS;4966.0;5
569600;BOT_TAKER;SUBMISSION;EMERALDS;XIRECS;10007.0;3
570700;BOT_TAKER;SUBMISSION;EMERALDS;XIRECS;10007.0;8
574700;SUBMISSION;BOT_TAKER;TOMATOES;XIRECS;4957.0;5
575800;BOT_MAKER;BOT_TAKER;TOMATOES;XIRECS;4954.0;2
579200;SUBMISSION;BOT_TAKER;EMERALDS;XIRECS;9993.0;8
580200;SUBMISSION;BOT_TAKER;EMERALDS;XIRECS;9993.0;5
580300;BOT_MAKER;BOT_TAKER;TOMATOES;XIRECS;4957.0;2
582000;SUBMISSION;BOT;TOMATOES;XIRECS;4961.0;6
582300;BOT_TAKER;BOT_MAKER;TOMATOES;XIRECS;4970.0;4
583200;BOT_MAKER;BOT_TAKER;TOMATOES;XIRECS;4959.0;3
587600;BOT_MAKER;BOT_TAKER;TOMATOES;XIRECS;4963.0;4
587700;BOT_TAKER;BOT_MAKER;TOMATOES;XIRECS;4977.0;4
589000;SUBMISSION;BOT_TAKER;EMERALDS;XIRECS;9993.0;6
590800;SUBMISSION;BOT;TOMATOES;XIRECS;4971.0;6
590800;BOT_TAKER;SUBMISSION;EMERALDS;XIRECS;10007.0;7
591000;BOT_MAKER;BOT_TAKER;TOMATOES;XIRECS;4965.0;2
591800;BOT_TAKER;SUBMISSION;TOMATOES;XIRECS;4977.0;2
600000;BOT_TAKER;SUBMISSION;TOMATOES;XIRECS;4978.0;2
603500;BOT_TAKER;BOT_MAKER;TOMATOES;XIRECS;4980.0;2
606700;BOT_TAKER;SUBMISSION;EMERALDS;XIRECS;10007.0;4
607600;BOT_MAKER;BOT_TAKER;TOMATOES;XIRECS;4965.0;4
607700;SUBMISSION;BOT;TOMATOES;XIRECS;4971.0;4
608900;SUBMISSION;BOT_TAKER;EMERALDS;XIRECS;9993.0;5
609800;BOT;SUBMISSION;TOMATOES;XIRECS;4974.0;6
610500;SUBMISSION;BOT_TAKER;EMERALDS;XIRECS;9993.0;6
611000;BOT_MAKER;BOT_TAKER;TOMATOES;XIRECS;4967.0;5
612100;BOT_MAKER;BOT_TAKER;TOMATOES;XIRECS;4965.0;2
612500;SUBMISSION;BOT_TAKER;EMERALDS;XIRECS;9993.0;6
613200;SUBMISSION;BOT_TAKER;EMERALDS;XIRECS;9993.0;4
613200;BOT_TAKER;SUBMISSION;TOMATOES;XIRECS;4976.0;5
614800;BOT_MAKER;BOT_TAKER;TOMATOES;XIRECS;4966.0;4
618100;SUBMISSION;BOT;TOMATOES;XIRECS;4973.0;12
618200;BOT_MAKER;BOT_TAKER;TOMATOES;XIRECS;4966.0;5
622700;BOT_TAKER;SUBMISSION;TOMATOES;XIRECS;4985.0;4
623700;BOT_MAKER;BOT_TAKER;TOMATOES;XIRECS;4974.0;5
626300;BOT_TAKER;BOT_MAKER;TOMATOES;XIRECS;4983.0;5
628700;BOT_TAKER;SUBMISSION;EMERALDS;XIRECS;10007.0;6
632400;SUBMISSION;BOT_TAKER;EMERALDS;XIRECS;9993.0;3
632700;BOT_TAKER;BOT_MAKER;TOMATOES;XIRECS;4980.0;5
632800;SUBMISSION;BOT;TOMATOES;XIRECS;4973.0;5
633500;BOT_MAKER;BOT_TAKER;TOMATOES;XIRECS;4968.0;2
634400;BOT_TAKER;SUBMISSION;TOMATOES;XIRECS;4982.0;5
634600;BOT_MAKER;BOT_TAKER;TOMATOES;XIRECS;4971.0;3
637100;BOT_MAKER;BOT_TAKER;TOMATOES;XIRECS;4973.0;5
638100;BOT_TAKER;SUBMISSION;EMERALDS;XIRECS;10007.0;5
641600;BOT_TAKER;BOT_MAKER;TOMATOES;XIRECS;4986.0;2
645200;BOT_MAKER;BOT_TAKER;TOMATOES;XIRECS;4974.0;4
647500;BOT_TAKER;SUBMISSION;TOMATOES;XIRECS;4987.0;4
648000;BOT;SUBMISSION;TOMATOES;XIRECS;4985.0;11
648100;SUBMISSION;BOT;TOMATOES;XIRECS;4983.0;7
648300;BOT_MAKER;BOT_TAKER;TOMATOES;XIRECS;4979.0;2
648600;BOT_TAKER;SUBMISSION;TOMATOES;XIRECS;4991.0;3
649100;SUBMISSION;BOT_TAKER;TOMATOES;XIRECS;4979.0;2
651000;SUBMISSION;BOT_TAKER;TOMATOES;XIRECS;4977.0;5
654100;BOT_TAKER;SUBMISSION;EMERALDS;XIRECS;10007.0;3
654700;BOT_TAKER;SUBMISSION;TOMATOES;XIRECS;4986.0;5
657200;BOT_TAKER;BOT_MAKER;TOMATOES;XIRECS;4989.0;5
658800;BOT_TAKER;SUBMISSION;EMERALDS;XIRECS;10007.0;8
660300;BOT_TAKER;BOT_MAKER;TOMATOES;XIRECS;4992.0;2
660600;BOT_MAKER;BOT_TAKER;TOMATOES;XIRECS;4978.0;2
665800;SUBMISSION;BOT_TAKER;EMERALDS;XIRECS;9993.0;3
666100;BOT_TAKER;BOT_MAKER;TOMATOES;XIRECS;4987.0;3
667700;BOT_TAKER;BOT_MAKER;TOMATOES;XIRECS;4985.0;4
668100;BOT_TAKER;BOT_MAKER;TOMATOES;XIRECS;4985.0;5
670000;BOT_TAKER;SUBMISSION;EMERALDS;XIRECS;10007.0;8
674000;SUBMISSION;BOT;TOMATOES;XIRECS;4976.0;9
674500;BOT_TAKER;SUBMISSION;EMERALDS;XIRECS;10007.0;5
678400;SUBMISSION;BOT_TAKER;EMERALDS;XIRECS;9993.0;5
679100;SUBMISSION;BOT;TOMATOES;XIRECS;4976.0;5
681200;BOT;SUBMISSION;TOMATOES;XIRECS;4978.0;11
681500;SUBMISSION;BOT_TAKER;EMERALDS;XIRECS;9993.0;3
683800;SUBMISSION;BOT_TAKER;TOMATOES;XIRECS;4974.0;2
684600;BOT_TAKER;BOT_MAKER;TOMATOES;XIRECS;4979.0;5
687900;SUBMISSION;BOT_TAKER;EMERALDS;XIRECS;9993.0;8
690100;BOT_MAKER;BOT_TAKER;TOMATOES;XIRECS;4978.0;3
692200;BOT_TAKER;SUBMISSION;TOMATOES;XIRECS;4988.0;4
694100;BOT_MAKER;BOT_TAKER;TOMATOES;XIRECS;4975.0;4
696800;SUBMISSION;BOT;TOMATOES;XIRECS;4979.0;7
697700;BOT_TAKER;SUBMISSION;TOMATOES;XIRECS;4986.0;5
698200;SUBMISSION;BOT_TAKER;EMERALDS;XIRECS;9993.0;3
701800;BOT_TAKER;BOT_MAKER;TOMATOES;XIRECS;4981.0;4
705000;SUBMISSION;BOT_TAKER;EMERALDS;XIRECS;9993.0;4
705300;BOT_TAKER;BOT_MAKER;TOMATOES;XIRECS;4980.0;4
708100;SUBMISSION;BOT;TOMATOES;XIRECS;4969.0;6
709000;BOT_MAKER;BOT_TAKER;TOMATOES;XIRECS;4962.0;2
715800;BOT_TAKER;SUBMISSION;EMERALDS;XIRECS;10007.0;4
716000;SUBMISSION;BOT;TOMATOES;XIRECS;4962.0;6
717700;BOT_MAKER;BOT_TAKER;TOMATOES;XIRECS;4959.0;5
718400;SUBMISSION;BOT_TAKER;EMERALDS;XIRECS;9993.0;8
718500;BOT_TAKER;BOT_MAKER;TOMATOES;XIRECS;4971.0;3
720400;BOT_MAKER;BOT_TAKER;TOMATOES;XIRECS;4955.0;5
720900;BOT_TAKER;SUBMISSION;TOMATOES;XIRECS;4968.0;4
721500;BOT_TAKER;SUBMISSION;TOMATOES;XIRECS;4967.0;4
722100;BOT_TAKER;SUBMISSION;EMERALDS;XIRECS;10007.0;5
723700;BOT_TAKER;SUBMISSION;TOMATOES;XIRECS;4971.0;2
723800;BOT_TAKER;SUBMISSION;TOMATOES;XIRECS;4970.0;2
725900;BOT_TAKER;SUBMISSION;EMERALDS;XIRECS;10007.0;7
726100;SUBMISSION;BOT_TAKER;EMERALDS;XIRECS;9993.0;6
728800;BOT_MAKER;BOT_TAKER;TOMATOES;XIRECS;4962.0;4
731300;BOT_TAKER;BOT_MAKER;TOMATOES;XIRECS;4977.0;4
734100;SUBMISSION;BOT_TAKER;EMERALDS;XIRECS;9993.0;8
734700;BOT_MAKER;BOT_TAKER;TOMATOES;XIRECS;4964.0;2
735300;SUBMISSION;BOT_TAKER;EMERALDS;XIRECS;9993.0;3
735500;SUBMISSION;BOT_TAKER;TOMATOES;XIRECS;4964.0;4
735800;BOT_TAKER;SUBMISSION;EMERALDS;XIRECS;10007.0;4
736800;BOT_MAKER;BOT_TAKER;TOMATOES;XIRECS;4960.0;3
737500;BOT_MAKER;BOT_TAKER;TOMATOES;XIRECS;4961.0;4
739300;BOT_MAKER;BOT_TAKER;TOMATOES;XIRECS;4961.0;5
739700;SUBMISSION;BOT_TAKER;EMERALDS;XIRECS;9993.0;6
739900;SUBMISSION;BOT;TOMATOES;XIRECS;4964.0;11
741200;BOT_MAKER;BOT_TAKER;TOMATOES;XIRECS;4955.0;3
745700;BOT_TAKER;SUBMISSION;TOMATOES;XIRECS;4965.0;5
745900;BOT_TAKER;BOT_MAKER;TOMATOES;XIRECS;4967.0;3
749300;BOT_TAKER;BOT_MAKER;TOMATOES;XIRECS;4964.0;4
750300;BOT_TAKER;BOT_MAKER;TOMATOES;XIRECS;4965.0;5
750700;SUBMISSION;BOT_TAKER;EMERALDS;XIRECS;9993.0;6
750900;SUBMISSION;BOT_TAKER;EMERALDS;XIRECS;9993.0;3
752700;BOT_MAKER;BOT_TAKER;TOMATOES;XIRECS;4949.0;2
754300;SUBMISSION;BOT_TAKER;EMERALDS;XIRECS;9993.0;4
755000;BOT_MAKER;BOT_TAKER;TOMATOES;XIRECS;4946.0;5
755600;BOT_TAKER;BOT_MAKER;TOMATOES;XIRECS;4960.0;4
756300;BOT_TAKER;SUBMISSION;TOMATOES;XIRECS;4958.0;2
758400;BOT_MAKER;BOT_TAKER;TOMATOES;XIRECS;4948.0;4
758600;SUBMISSION;BOT_TAKER;EMERALDS;XIRECS;9993.0;6
758700;BOT_MAKER;BOT_TAKER;TOMATOES;XIRECS;4949.0;4
762800;BOT_MAKER;BOT_TAKER;TOMATOES;XIRECS;4952.0;4
769400;BOT_TAKER;SUBMISSION;TOMATOES;XIRECS;4960.0;3
770200;BOT_TAKER;SUBMISSION;TOMATOES;XIRECS;4958.0;4
772700;SUBMISSION;BOT_TAKER;TOMATOES;XIRECS;4949.0;3
774200;SUBMISSION;BOT_TAKER;EMERALDS;XIRECS;9993.0;7
774500;BOT_TAKER;SUBMISSION;TOMATOES;XIRECS;4958.0;4
774600;BOT_TAKER;SUBMISSION;EMERALDS;XIRECS;10007.0;7
775600;BOT_MAKER;BOT_TAKER;TOMATOES;XIRECS;4942.0;2
777200;BOT_TAKER;BOT_MAKER;TOMATOES;XIRECS;4954.0;3
778700;BOT_TAKER;BOT_MAKER;TOMATOES;XIRECS;4952.0;5
779100;BOT;SUBMISSION;TOMATOES;XIRECS;4947.0;12
782700;BOT_TAKER;BOT_MAKER;TOMATOES;XIRECS;4949.0;5
785800;BOT_TAKER;BOT_MAKER;TOMATOES;XIRECS;4956.0;4
786400;SUBMISSION;BOT_TAKER;EMERALDS;XIRECS;9993.0;5
787100;SUBMISSION;BOT_TAKER;EMERALDS;XIRECS;9993.0;4
787200;BOT_TAKER;SUBMISSION;EMERALDS;XIRECS;10007.0;7
787800;SUBMISSION;BOT_TAKER;TOMATOES;XIRECS;4942.0;2
788400;SUBMISSION;BOT_TAKER;EMERALDS;XIRECS;9993.0;6
788900;SUBMISSION;BOT_TAKER;EMERALDS;XIRECS;9993.0;6
790600;BOT_MAKER;BOT_TAKER;TOMATOES;XIRECS;4941.0;2
791500;BOT_TAKER;SUBMISSION;EMERALDS;XIRECS;10007.0;3
791800;BOT_MAKER;BOT_TAKER;TOMATOES;XIRECS;4941.0;2
795100;BOT_TAKER;BOT_MAKER;TOMATOES;XIRECS;4954.0;2
795300;BOT_TAKER;BOT_MAKER;TOMATOES;XIRECS;4947.0;3
796800;BOT_TAKER;BOT_MAKER;TOMATOES;XIRECS;4957.0;3
798500;BOT_TAKER;BOT_MAKER;TOMATOES;XIRECS;4957.0;4
799500;BOT_TAKER;SUBMISSION;EMERALDS;XIRECS;10007.0;5
800300;BOT_MAKER;BOT_TAKER;TOMATOES;XIRECS;4940.0;3
801600;BOT_TAKER;SUBMISSION;EMERALDS;XIRECS;10007.0;5
802700;BOT_TAKER;BOT_MAKER;TOMATOES;XIRECS;4953.0;4
803700;BOT_MAKER;BOT_TAKER;TOMATOES;XIRECS;4942.0;2
805800;BOT_MAKER;BOT_TAKER;TOMATOES;XIRECS;4946.0;4
806300;BOT_TAKER;SUBMISSION;EMERALDS;XIRECS;10007.0;5
809300;BOT_TAKER;BOT_MAKER;TOMATOES;XIRECS;4961.0;5
813100;SUBMISSION;BOT_TAKER;TOMATOES;XIRECS;4946.0;5
813700;BOT_MAKER;BOT_TAKER;TOMATOES;XIRECS;4943.0;3
816400;SUBMISSION;BOT_TAKER;TOMATOES;XIRECS;4942.0;4
818800;BOT_TAKER;BOT_MAKER;TOMATOES;XIRECS;4953.0;2
818900;BOT_TAKER;BOT_MAKER;TOMATOES;XIRECS;4953.0;3
821700;SUBMISSION;BOT;TOMATOES;XIRECS;4946.0;9
822300;BOT_TAKER;SUBMISSION;EMERALDS;XIRECS;10007.0;6
823900;SUBMISSION;BOT;TOMATOES;XIRECS;4946.0;8
825600;BOT_TAKER;BOT_MAKER;TOMATOES;XIRECS;4953.0;2
827000;BOT_TAKER;BOT_MAKER;TOMATOES;XIRECS;4951.0;4
828700;SUBMISSION;BOT_TAKER;EMERALDS;XIRECS;9993.0;4
829600;BOT_MAKER;BOT_TAKER;TOMATOES;XIRECS;4937.0;4
836200;BOT_MAKER;BOT_TAKER;TOMATOES;XIRECS;4940.0;5
836400;SUBMISSION;BOT_TAKER;EMERALDS;XIRECS;10001.0;4
837600;BOT;SUBMISSION;TOMATOES;XIRECS;4948.0;11
838700;BOT_MAKER;BOT_TAKER;TOMATOES;XIRECS;4943.0;2
845000;BOT_MAKER;BOT_TAKER;TOMATOES;XIRECS;4948.0;3
845700;BOT_TAKER;BOT_MAKER;TOMATOES;XIRECS;4960.0;5
851400;BOT_MAKER;BOT_TAKER;TOMATOES;XIRECS;4952.0;2
851600;BOT_TAKER;SUBMISSION;EMERALDS;XIRECS;10007.0;6
855100;BOT_MAKER;BOT_TAKER;TOMATOES;XIRECS;4958.0;3
858100;BOT_TAKER;SUBMISSION;TOMATOES;XIRECS;4972.0;2
858200;SUBMISSION;BOT_TAKER;EMERALDS;XIRECS;9993.0;8
859600;SUBMISSION;BOT_TAKER;EMERALDS;XIRECS;9993.0;5
860000;BOT_MAKER;BOT_TAKER;TOMATOES;XIRECS;4959.0;3
860600;BOT_TAKER;SUBMISSION;TOMATOES;XIRECS;4973.0;5
861700;BOT_TAKER;SUBMISSION;EMERALDS;XIRECS;10007.0;3
862600;BOT_TAKER;SUBMISSION;EMERALDS;XIRECS;10007.0;4
862800;SUBMISSION;BOT_TAKER;TOMATOES;XIRECS;4961.0;3
863000;BOT_TAKER;SUBMISSION;EMERALDS;XIRECS;10007.0;6
864900;SUBMISSION;BOT_TAKER;TOMATOES;XIRECS;4956.0;3
867700;SUBMISSION;BOT_TAKER;EMERALDS;XIRECS;9993.0;5
868500;BOT_TAKER;SUBMISSION;EMERALDS;XIRECS;10007.0;8
869700;SUBMISSION;BOT;TOMATOES;XIRECS;4957.0;10
869800;BOT_MAKER;BOT_TAKER;TOMATOES;XIRECS;4952.0;5
870200;BOT_TAKER;SUBMISSION;EMERALDS;XIRECS;10007.0;8
872600;BOT_TAKER;BOT_MAKER;TOMATOES;XIRECS;4965.0;2
873400;SUBMISSION;BOT;TOMATOES;XIRECS;4956.0;7
873600;BOT_MAKER;BOT_TAKER;TOMATOES;XIRECS;4951.0;2
874500;BOT_TAKER;SUBMISSION;TOMATOES;XIRECS;4965.0;3
875700;BOT_TAKER;SUBMISSION;TOMATOES;XIRECS;4967.0;4
876900;SUBMISSION;BOT_TAKER;EMERALDS;XIRECS;9993.0;8
877000;BOT_MAKER;BOT_TAKER;TOMATOES;XIRECS;4955.0;5
877300;SUBMISSION;BOT_TAKER;EMERALDS;XIRECS;9993.0;3
877500;SUBMISSION;BOT_TAKER;EMERALDS;XIRECS;9993.0;7
879200;SUBMISSION;BOT;TOMATOES;XIRECS;4963.0;7
881100;BOT_MAKER;BOT_TAKER;TOMATOES;XIRECS;4958.0;2
881400;BOT_TAKER;SUBMISSION;EMERALDS;XIRECS;10007.0;6
881600;BOT_MAKER;BOT_TAKER;TOMATOES;XIRECS;4957.0;2
883700;BOT_TAKER;BOT_MAKER;TOMATOES;XIRECS;4972.0;3
885700;BOT_MAKER;BOT_TAKER;TOMATOES;XIRECS;4961.0;3
886100;BOT_TAKER;SUBMISSION;EMERALDS;XIRECS;10007.0;8
887100;BOT_MAKER;BOT_TAKER;TOMATOES;XIRECS;4960.0;5
887300;SUBMISSION;BOT_TAKER;EMERALDS;XIRECS;9993.0;7
889200;SUBMISSION;BOT_TAKER;EMERALDS;XIRECS;9993.0;5
891500;BOT_TAKER;SUBMISSION;TOMATOES;XIRECS;4977.0;5
892100;BOT_TAKER;SUBMISSION;TOMATOES;XIRECS;4979.0;3
894100;BOT_MAKER;BOT_TAKER;TOMATOES;XIRECS;4968.0;5
895000;SUBMISSION;BOT_TAKER;EMERALDS;XIRECS;9993.0;3
895400;BOT_TAKER;BOT_MAKER;TOMATOES;XIRECS;4984.0;4
901000;BOT_MAKER;BOT_TAKER;TOMATOES;XIRECS;4974.0;5
904800;SUBMISSION;BOT_TAKER;EMERALDS;XIRECS;9993.0;5
905400;BOT_MAKER;BOT_TAKER;TOMATOES;XIRECS;4975.0;2
906400;SUBMISSION;BOT_TAKER;EMERALDS;XIRECS;9993.0;7
907600;BOT_MAKER;BOT_TAKER;TOMATOES;XIRECS;4978.0;3
911100;SUBMISSION;BOT_TAKER;EMERALDS;XIRECS;9993.0;5
911900;SUBMISSION;BOT;TOMATOES;XIRECS;4975.0;11
913700;SUBMISSION;BOT_TAKER;EMERALDS;XIRECS;9993.0;3
916200;BOT_TAKER;SUBMISSION;TOMATOES;XIRECS;4979.0;2
916600;BOT;SUBMISSION;TOMATOES;XIRECS;4976.0;9
917400;SUBMISSION;BOT;TOMATOES;XIRECS;4974.0;10
917900;BOT_MAKER;BOT_TAKER;TOMATOES;XIRECS;4970.0;2
918500;BOT;SUBMISSION;TOMATOES;XIRECS;4980.0;5
918700;SUBMISSION;BOT_TAKER;EMERALDS;XIRECS;9993.0;8
918800;BOT_TAKER;SUBMISSION;TOMATOES;XIRECS;4985.0;5
922900;SUBMISSION;BOT_TAKER;EMERALDS;XIRECS;9993.0;6
923600;BOT;SUBMISSION;TOMATOES;XIRECS;4977.0;9
923600;BOT_TAKER;SUBMISSION;EMERALDS;XIRECS;10007.0;6
923800;BOT_TAKER;BOT_MAKER;TOMATOES;XIRECS;4982.0;4
924100;BOT_TAKER;SUBMISSION;EMERALDS;XIRECS;10007.0;6
927100;BOT_MAKER;BOT_TAKER;TOMATOES;XIRECS;4968.0;2
928200;BOT_MAKER;BOT_TAKER;TOMATOES;XIRECS;4964.0;3
928800;SUBMISSION;BOT_TAKER;EMERALDS;XIRECS;9993.0;3
933000;SUBMISSION;BOT;TOMATOES;XIRECS;4972.0;11
933400;BOT_TAKER;SUBMISSION;TOMATOES;XIRECS;4975.0;4
934500;BOT_TAKER;BOT_MAKER;TOMATOES;XIRECS;4981.0;2
935800;BOT_MAKER;BOT_TAKER;TOMATOES;XIRECS;4967.0;3
936300;SUBMISSION;BOT_TAKER;EMERALDS;XIRECS;9993.0;8
936300;BOT_MAKER;BOT_TAKER;TOMATOES;XIRECS;4966.0;5
936600;BOT_TAKER;SUBMISSION;EMERALDS;XIRECS;10007.0;3
936900;BOT_TAKER;SUBMISSION;TOMATOES;XIRECS;4977.0;5
939200;BOT_TAKER;BOT_MAKER;TOMATOES;XIRECS;4979.0;4
939800;BOT;SUBMISSION;TOMATOES;XIRECS;4975.0;10
940200;BOT_TAKER;BOT_MAKER;TOMATOES;XIRECS;4981.0;2
940600;BOT_TAKER;BOT_MAKER;TOMATOES;XIRECS;4982.0;4
941600;BOT_TAKER;SUBMISSION;TOMATOES;XIRECS;4983.0;4
941800;SUBMISSION;BOT_TAKER;EMERALDS;XIRECS;9993.0;3
941900;SUBMISSION;BOT_TAKER;EMERALDS;XIRECS;9993.0;6
942200;BOT_TAKER;SUBMISSION;EMERALDS;XIRECS;10007.0;8
943200;BOT_TAKER;SUBMISSION;EMERALDS;XIRECS;10007.0;8
943600;BOT_MAKER;BOT_TAKER;TOMATOES;XIRECS;4975.0;3
945500;BOT_TAKER;SUBMISSION;EMERALDS;XIRECS;10007.0;7
947900;BOT_TAKER;SUBMISSION;EMERALDS;XIRECS;10007.0;8
947900;BOT_TAKER;BOT_MAKER;TOMATOES;XIRECS;4984.0;5
948400;BOT_TAKER;BOT_MAKER;TOMATOES;XIRECS;4993.0;4
949100;BOT_MAKER;BOT_TAKER;TOMATOES;XIRECS;4981.0;2
953700;SUBMISSION;BOT_TAKER;TOMATOES;XIRECS;4980.0;3
954300;BOT_TAKER;BOT_MAKER;TOMATOES;XIRECS;4995.0;2
955600;SUBMISSION;BOT_TAKER;TOMATOES;XIRECS;4983.0;2
959400;BOT_MAKER;BOT_TAKER;TOMATOES;XIRECS;4982.0;5
960800;BOT_MAKER;BOT_TAKER;TOMATOES;XIRECS;4982.0;4
961700;BOT_MAKER;BOT_TAKER;TOMATOES;XIRECS;4980.0;3
962600;BOT_TAKER;BOT_MAKER;TOMATOES;XIRECS;4992.0;2
965900;BOT_TAKER;SUBMISSION;TOMATOES;XIRECS;4993.0;2
966400;BOT_MAKER;BOT_TAKER;TOMATOES;XIRECS;4982.0;2
968600;BOT_MAKER;BOT_TAKER;TOMATOES;XIRECS;4980.0;5
971000;BOT_TAKER;BOT_MAKER;TOMATOES;XIRECS;4991.0;3
972000;SUBMISSION;BOT;TOMATOES;XIRECS;4985.0;11
972100;BOT_TAKER;BOT_MAKER;TOMATOES;XIRECS;4994.0;5
972400;SUBMISSION;BOT_TAKER;EMERALDS;XIRECS;9993.0;4
973500;BOT_TAKER;SUBMISSION;EMERALDS;XIRECS;10007.0;5
974100;BOT_TAKER;SUBMISSION;EMERALDS;XIRECS;10007.0;8
975500;BOT_TAKER;SUBMISSION;EMERALDS;XIRECS;10007.0;4
981000;SUBMISSION;BOT_TAKER;EMERALDS;XIRECS;9993.0;7
981400;BOT_TAKER;SUBMISSION;EMERALDS;XIRECS;10007.0;3
981400;BOT_MAKER;BOT_TAKER;TOMATOES;XIRECS;4990.0;5
981700;SUBMISSION;BOT_TAKER;EMERALDS;XIRECS;9993.0;8
985300;BOT_TAKER;BOT_MAKER;TOMATOES;XIRECS;5002.0;5
985500;BOT_TAKER;BOT_MAKER;TOMATOES;XIRECS;5002.0;4
985600;BOT_MAKER;BOT_TAKER;TOMATOES;XIRECS;4993.0;2
985700;BOT_TAKER;SUBMISSION;EMERALDS;XIRECS;10007.0;6
987000;BOT_TAKER;SUBMISSION;EMERALDS;XIRECS;10007.0;6
989800;BOT_TAKER;BOT_MAKER;TOMATOES;XIRECS;5002.0;4
991200;SUBMISSION;BOT;TOMATOES;XIRECS;4996.0;9
993700;BOT_MAKER;BOT_TAKER;TOMATOES;XIRECS;4991.0;5
995400;BOT_TAKER;SUBMISSION;EMERALDS;XIRECS;10007.0;5
995500;BOT_TAKER;BOT_MAKER;TOMATOES;XIRECS;5006.0;4
999100;SUBMISSION;BOT_TAKER;EMERALDS;XIRECS;9993.0;5
999300;BOT_TAKER;BOT_MAKER;TOMATOES;XIRECS;5002.0;4
