timestamp;buyer;seller;symbol;currency;price;quantity
700;BOT_TAKER;BOT_MAKER;TOMATOES;XIRECS;5011.0;3
2200;BOT_MAKER;BOT_TAKER;TOMATOES;XIRECS;4998.0;3
6600;SUBMISSION;BOT_TAKER;TOMATOES;XIRECS;4998.0;2
9200;BOT_TAKER;SUBMISSION;TOMATOES;XIRECS;5011.0;5
10100;BOT_TAKER;SUBMISSION;EMERALDS;XIRECS;10007.0;8
10100;BOT_MAKER;BOT_TAKER;TOMATOES;XIRECS;4999.0;3
10400;BOT_MAKER;BOT_TAKER;TOMATOES;XIRECS;4999.0;2
16400;BOT_MAKER;BOT_TAKER;TOMATOES;XIRECS;4995.0;3
16700;BOT_TAKER;BOT_MAKER;TOMATOES;XIRECS;5010.0;2
17600;BOT_TAKER;SUBMISSION;TOMATOES;XIRECS;5011.0;5
17800;SUBMISSION;BOT_TAKER;EMERALDS;XIRECS;9993.0;6
17900;BOT;SUBMISSION;TOMATOES;XIRECS;5007.0;11
21600;SUBMISSION;BOT_TAKER;EMERALDS;XIRECS;9993.0;7
22800;SUBMISSION;BOT_TAKER;TOMATOES;XIRECS;4999.0;3
23100;BOT_TAKER;SUBMISSION;EMERALDS;XIRECS;10007.0;4
23500;SUBMISSION;BOT_TAKER;TOMATOES;XIRECS;4999.0;3
27500;BOT_MAKER;BOT_TAKER;TOMATOES;XIRECS;4997.0;3
27800;SUBMISSION;BOT_TAKER;TOMATOES;XIRECS;5000.0;2
28100;BOT_TAKER;SUBMISSION;EMERALDS;XIRECS;10007.0;7
28100;BOT_TAKER;BOT_MAKER;TOMATOES;XIRECS;5010.0;2
29200;BOT_TAKER;SUBMISSION;EMERALDS;XIRECS;10007.0;8
32300;BOT_TAKER;SUBMISSION;EMERALDS;XIRECS;10007.0;7
32600;BOT_TAKER;SUBMISSION;TOMATOES;XIRECS;5007.0;2
35000;BOT_TAKER;SUBMISSION;EMERALDS;XIRECS;10007.0;5
36400;BOT_TAKER;BOT_MAKER;TOMATOES;XIRECS;5009.0;3
37400;SUBMISSION;BOT_TAKER;EMERALDS;XIRECS;9993.0;5
44600;SUBMISSION;BOT_TAKER;EMERALDS;XIRECS;9993.0;6
45600;SUBMISSION;BOT;TOMATOES;XIRECS;5007.0;9
46600;BOT_TAKER;BOT_MAKER;TOMATOES;XIRECS;5014.0;3
48600;BOT_TAKER;BOT_MAKER;TOMATOES;XIRECS;5012.0;2
49700;BOT_TAKER;BOT_MAKER;TOMATOES;XIRECS;5008.0;4
49700;BOT_TAKER;SUBMISSION;TOMATOES;XIRECS;5010.0;1
50000;SUBMISSION;BOT_TAKER;EMERALDS;XIRECS;9993.0;7
50300;BOT_TAKER;SUBMISSION;TOMATOES;XIRECS;5013.0;4
50700;BOT_TAKER;SUBMISSION;TOMATOES;XIRECS;5015.0;3
51000;SUBMISSION;BOT_TAKER;TOMATOES;XIRECS;5004.0;5
51200;BOT_TAKER;SUBMISSION;EMERALDS;XIRECS;10007.0;5
52900;SUBMISSION;BOT_TAKER;EMERALDS;XIRECS;9993.0;7
55400;SUBMISSION;BOT_TAKER;EMERALDS;XIRECS;9993.0;6
58700;BOT_TAKER;BOT_MAKER;TOMATOES;XIRECS;5013.0;4
58800;BOT_TAKER;SUBMISSION;EMERALDS;XIRECS;9999.0;8
59400;BOT_TAKER;BOT_MAKER;TOMATOES;XIRECS;5013.0;5
62200;SUBMISSION;BOT;TOMATOES;XIRECS;5005.0;6
64400;BOT_TAKER;BOT_MAKER;TOMATOES;XIRECS;5012.0;4
67700;BOT_TAKER;SUBMISSION;EMERALDS;XIRECS;10007.0;7
67800;BOT_MAKER;BOT_TAKER;TOMATOES;XIRECS;4998.0;5
69800;BOT_TAKER;BOT_MAKER;TOMATOES;XIRECS;5010.0;2
70300;BOT_MAKER;BOT_TAKER;TOMATOES;XIRECS;4998.0;4
74800;BOT_TAKER;SUBMISSION;EMERALDS;XIRECS;10007.0;6
75400;SUBMISSION;BOT_TAKER;EMERALDS;XIRECS;9993.0;7
75700;BOT_MAKER;BOT_TAKER;TOMATOES;XIRECS;4997.0;3
76000;SUBMISSION;BOT_TAKER;TOMATOES;XIRECS;4998.0;5
78900;SUBMISSION;BOT_TAKER;EMERALDS;XIRECS;9993.0;7
80000;BOT_TAKER;BOT_MAKER;TOMATOES;XIRECS;5014.0;4
82400;BOT_MAKER;BOT_TAKER;TOMATOES;XIRECS;4999.0;3
82800;BOT_TAKER;BOT_MAKER;TOMATOES;XIRECS;5013.0;3
83300;BOT_TAKER;SUBMISSION;TOMATOES;XIRECS;5013.0;6
85000;BOT_MAKER;BOT_TAKER;TOMATOES;XIRECS;5003.0;3
85300;SUBMISSION;BOT_TAKER;TOMATOES;XIRECS;5004.0;3
87500;BOT_MAKER;BOT_TAKER;TOMATOES;XIRECS;5006.0;2
88500;SUBMISSION;BOT;TOMATOES;XIRECS;5010.0;6
90100;BOT_TAKER;SUBMISSION;EMERALDS;XIRECS;10007.0;4
90500;BOT_TAKER;BOT_MAKER;TOMATOES;XIRECS;5021.0;5
90700;BOT_TAKER;SUBMISSION;EMERALDS;XIRECS;10007.0;3
91200;BOT_MAKER;BOT_TAKER;TOMATOES;XIRECS;5005.0;3
96700;BOT_MAKER;BOT_TAKER;TOMATOES;XIRECS;5003.0;5
100600;SUBMISSION;BOT_TAKER;EMERALDS;XIRECS;9993.0;8
101400;SUBMISSION;BOT_TAKER;TOMATOES;XIRECS;5007.0;3
101500;BOT_MAKER;BOT_TAKER;TOMATOES;XIRECS;5006.0;5
104300;BOT_TAKER;SUBMISSION;EMERALDS;XIRECS;10007.0;8
104900;SUBMISSION;BOT_TAKER;TOMATOES;XIRECS;5003.0;2
107800;SUBMISSION;BOT;TOMATOES;XIRECS;5008.0;5
108400;BOT_TAKER;BOT_MAKER;TOMATOES;XIRECS;5016.0;2
108800;BOT_MAKER;BOT_TAKER;TOMATOES;XIRECS;5001.0;5
109000;BOT_MAKER;BOT_TAKER;TOMATOES;XIRECS;5002.0;3
109700;BOT_TAKER;SUBMISSION;EMERALDS;XIRECS;10007.0;5
111800;SUBMISSION;BOT_TAKER;EMERALDS;XIRECS;9993.0;5
111800;BOT_TAKER;BOT_MAKER;TOMATOES;XIRECS;5017.0;3
113000;BOT_MAKER;BOT_TAKER;TOMATOES;XIRECS;5003.0;2
114800;BOT_TAKER;SUBMISSION;TOMATOES;XIRECS;5016.0;3
117100;SUBMISSION;BOT_TAKER;EMERALDS;XIRECS;9993.0;6
118300;BOT_MAKER;BOT_TAKER;TOMATOES;XIRECS;5008.0;4
119400;BOT_TAKER;SUBMISSION;TOMATOES;XIRECS;5013.0;2
119500;BOT_TAKER;SUBMISSION;TOMATOES;XIRECS;5013.0;5
122400;BOT_TAKER;SUBMISSION;EMERALDS;XIRECS;10007.0;8
124900;BOT_MAKER;BOT_TAKER;TOMATOES;XIRECS;5003.0;5
125400;BOT;SUBMISSION;TOMATOES;XIRECS;5011.0;5
125700;BOT_MAKER;BOT_TAKER;TOMATOES;XIRECS;5003.0;4
127800;SUBMISSION;BOT_TAKER;EMERALDS;XIRECS;9993.0;6
128400;SUBMISSION;BOT_TAKER;EMERALDS;XIRECS;9993.0;8
129800;BOT_TAKER;BOT_MAKER;TOMATOES;XIRECS;5015.0;2
132000;BOT_TAKER;BOT_MAKER;TOMATOES;XIRECS;5013.0;4
132400;BOT_TAKER;BOT_MAKER;TOMATOES;XIRECS;5014.0;2
134400;BOT_MAKER;BOT_TAKER;TOMATOES;XIRECS;5003.0;4
135600;BOT_MAKER;BOT_TAKER;TOMATOES;XIRECS;5005.0;2
142200;SUBMISSION;BOT;TOMATOES;XIRECS;5007.0;9
142800;BOT_TAKER;SUBMISSION;EMERALDS;XIRECS;10007.0;6
143900;BOT_TAKER;SUBMISSION;TOMATOES;XIRECS;5015.0;5
145400;BOT_TAKER;BOT_MAKER;TOMATOES;XIRECS;5018.0;4
147100;SUBMISSION;BOT;TOMATOES;XIRECS;5009.0;9
148200;BOT_TAKER;SUBMISSION;EMERALDS;XIRECS;10007.0;5
149700;SUBMISSION;BOT_TAKER;EMERALDS;XIRECS;9993.0;6
151400;SUBMISSION;BOT_TAKER;EMERALDS;XIRECS;9993.0;6
152000;BOT_TAKER;SUBMISSION;EMERALDS;XIRECS;10007.0;5
152800;SUBMISSION;BOT_TAKER;EMERALDS;XIRECS;9993.0;6
153600;BOT_TAKER;SUBMISSION;EMERALDS;XIRECS;10007.0;3
153800;BOT_TAKER;SUBMISSION;TOMATOES;XIRECS;5009.0;3
155000;BOT_TAKER;SUBMISSION;TOMATOES;XIRECS;5011.0;3
155300;SUBMISSION;BOT_TAKER;EMERALDS;XIRECS;9993.0;8
156400;BOT_TAKER;SUBMISSION;TOMATOES;XIRECS;5011.0;5
156500;BOT_MAKER;BOT_TAKER;TOMATOES;XIRECS;5000.0;5
159500;BOT_TAKER;BOT_MAKER;TOMATOES;XIRECS;5014.0;5
162400;BOT_TAKER;SUBMISSION;EMERALDS;XIRECS;10007.0;4
165300;SUBMISSION;BOT_TAKER;EMERALDS;XIRECS;9993.0;6
166400;BOT_TAKER;SUBMISSION;EMERALDS;XIRECS;10007.0;6
166800;BOT_TAKER;BOT_MAKER;TOMATOES;XIRECS;5016.0;5
168100;SUBMISSION;BOT_TAKER;TOMATOES;XIRECS;5002.0;3
168800;BOT;SUBMISSION;TOMATOES;XIRECS;5009.0;10
170700;BOT_TAKER;BOT_MAKER;TOMATOES;XIRECS;5013.0;4
175000;BOT_TAKER;SUBMISSION;EMERALDS;XIRECS;10007.0;8
183500;BOT_TAKER;BOT_MAKER;TOMATOES;XIRECS;5009.0;4
186100;SUBMISSION;BOT_TAKER;EMERALDS;XIRECS;9993.0;8
186400;SUBMISSION;BOT_TAKER;TOMATOES;XIRECS;4995.0;3
186600;BOT_TAKER;BOT_MAKER;TOMATOES;XIRECS;5007.0;4
187500;BOT;SUBMISSION;TOMATOES;XIRECS;5002.0;7
188400;BOT_TAKER;SUBMISSION;EMERALDS;XIRECS;10007.0;4
190100;BOT_MAKER;BOT_TAKER;TOMATOES;XIRECS;4991.0;2
190200;SUBMISSION;BOT_TAKER;TOMATOES;XIRECS;4991.0;3
191000;BOT_TAKER;SUBMISSION;TOMATOES;XIRECS;5004.0;2
192800;SUBMISSION;BOT_TAKER;EMERALDS;XIRECS;9993.0;7
192800;BOT_MAKER;BOT_TAKER;TOMATOES;XIRECS;4994.0;5
194800;BOT_MAKER;BOT_TAKER;TOMATOES;XIRECS;5000.0;2
195200;BOT_TAKER;BOT_MAKER;TOMATOES;XIRECS;5009.0;4
197200;BOT_MAKER;BOT_TAKER;TOMATOES;XIRECS;4991.0;2
198800;BOT_TAKER;SUBMISSION;TOMATOES;XIRECS;5006.0;5
200200;SUBMISSION;BOT_TAKER;EMERALDS;XIRECS;9993.0;4
202200;BOT_TAKER;SUBMISSION;EMERALDS;XIRECS;10007.0;7
203200;BOT_MAKER;BOT_TAKER;TOMATOES;XIRECS;4995.0;2
204400;BOT_TAKER;SUBMISSION;EMERALDS;XIRECS;10007.0;4
204700;BOT_MAKER;BOT_TAKER;TOMATOES;XIRECS;4994.0;2
204800;SUBMISSION;BOT_TAKER;EMERALDS;XIRECS;9993.0;6
205400;SUBMISSION;BOT_TAKER;EMERALDS;XIRECS;9993.0;5
205400;BOT_TAKER;BOT_MAKER;TOMATOES;XIRECS;5009.0;5
209000;SUBMISSION;BOT;TOMATOES;XIRECS;5003.0;5
210300;BOT_TAKER;SUBMISSION;EMERALDS;XIRECS;10007.0;3
211000;BOT_TAKER;BOT_MAKER;TOMATOES;XIRECS;5013.0;4
218600;BOT;SUBMISSION;TOMATOES;XIRECS;5016.0;6
218800;SUBMISSION;BOT_TAKER;TOMATOES;XIRECS;5010.0;5
219000;BOT_MAKER;BOT_TAKER;TOMATOES;XIRECS;5008.0;3
221100;SUBMISSION;BOT_TAKER;EMERALDS;XIRECS;9993.0;4
222900;SUBMISSION;BOT_TAKER;EMERALDS;XIRECS;9993.0;8
224500;SUBMISSION;BOT_TAKER;EMERALDS;XIRECS;9993.0;7
225900;BOT_TAKER;SUBMISSION;EMERALDS;XIRECS;10007.0;5
226900;BOT_MAKER;BOT_TAKER;TOMATOES;XIRECS;5007.0;5
229400;BOT_MAKER;BOT_TAKER;TOMATOES;XIRECS;5007.0;3
229500;SUBMISSION;BOT_TAKER;EMERALDS;XIRECS;9993.0;8
231300;SUBMISSION;BOT;TOMATOES;XIRECS;5014.0;8
233500;BOT_TAKER;BOT_MAKER;TOMATOES;XIRECS;5020.0;2
235200;BOT_TAKER;SUBMISSION;TOMATOES;XIRECS;5018.0;5
235700;SUBMISSION;BOT_TAKER;TOMATOES;XIRECS;5006.0;2
236100;BOT_TAKER;SUBMISSION;EMERALDS;XIRECS;10007.0;6
237800;BOT_TAKER;BOT_MAKER;TOMATOES;XIRECS;5014.0;4
240100;SUBMISSION;BOT_TAKER;EMERALDS;XIRECS;9993.0;3
240400;BOT_MAKER;BOT_TAKER;TOMATOES;XIRECS;5001.0;5
241300;BOT_TAKER;BOT_MAKER;TOMATOES;XIRECS;5013.0;2
242300;SUBMISSION;BOT_TAKER;EMERALDS;XIRECS;9993.0;8
242900;SUBMISSION;BOT;TOMATOES;XIRECS;5003.0;10
243900;BOT_TAKER;BOT_MAKER;TOMATOES;XIRECS;5011.0;2
244500;BOT_TAKER;BOT_MAKER;TOMATOES;XIRECS;5010.0;2
244900;BOT_TAKER;BOT_MAKER;TOMATOES;XIRECS;5008.0;5
245200;SUBMISSION;BOT_TAKER;EMERALDS;XIRECS;9993.0;6
245400;BOT_TAKER;SUBMISSION;EMERALDS;XIRECS;10007.0;5
245600;BOT_TAKER;SUBMISSION;EMERALDS;XIRECS;10007.0;3
248500;BOT_MAKER;BOT_TAKER;TOMATOES;XIRECS;4992.0;3
250200;BOT_MAKER;BOT_TAKER;TOMATOES;XIRECS;4992.0;2
251300;BOT_TAKER;SUBMISSION;EMERALDS;XIRECS;10007.0;7
253000;BOT_MAKER;BOT_TAKER;TOMATOES;XIRECS;4991.0;4
255600;BOT_TAKER;BOT_MAKER;TOMATOES;XIRECS;5005.0;3
256900;SUBMISSION;BOT_TAKER;TOMATOES;XIRECS;4997.0;3
257600;SUBMISSION;BOT_TAKER;EMERALDS;XIRECS;9993.0;3
257600;BOT_TAKER;SUBMISSION;TOMATOES;XIRECS;5008.0;5
258400;BOT_TAKER;BOT_MAKER;TOMATOES;XIRECS;5010.0;5
260600;BOT_TAKER;SUBMISSION;TOMATOES;XIRECS;5011.0;5
261000;SUBMISSION;BOT_TAKER;EMERALDS;XIRECS;9993.0;6
261800;BOT_TAKER;BOT_MAKER;TOMATOES;XIRECS;5010.0;5
263600;BOT;SUBMISSION;TOMATOES;XIRECS;5005.0;9
265500;BOT_MAKER;BOT_TAKER;TOMATOES;XIRECS;4995.0;3
266600;BOT_MAKER;BOT_TAKER;TOMATOES;XIRECS;4996.0;5
266900;BOT_MAKER;BOT_TAKER;TOMATOES;XIRECS;4995.0;5
268300;BOT_MAKER;BOT_TAKER;TOMATOES;XIRECS;4997.0;3
269300;SUBMISSION;BOT_TAKER;TOMATOES;XIRECS;4999.0;2
273900;BOT_MAKER;BOT_TAKER;TOMATOES;XIRECS;4999.0;3
278300;SUBMISSION;BOT_TAKER;EMERALDS;XIRECS;9993.0;3
280700;SUBMISSION;BOT_TAKER;EMERALDS;XIRECS;9993.0;7
282100;BOT_TAKER;SUBMISSION;EMERALDS;XIRECS;9999.0;7
282100;BOT_MAKER;BOT_TAKER;TOMATOES;XIRECS;4996.0;2
282900;SUBMISSION;BOT_TAKER;EMERALDS;XIRECS;9993.0;6
284700;BOT_MAKER;BOT_TAKER;TOMATOES;XIRECS;4996.0;3
289600;SUBMISSION;BOT_TAKER;EMERALDS;XIRECS;9993.0;3
289900;SUBMISSION;BOT_TAKER;EMERALDS;XIRECS;9993.0;4
290100;BOT_MAKER;BOT_TAKER;TOMATOES;XIRECS;4998.0;2
290600;SUBMISSION;BOT;TOMATOES;XIRECS;5004.0;12
291800;BOT_TAKER;BOT_MAKER;TOMATOES;XIRECS;5010.0;4
292700;SUBMISSION;BOT_TAKER;TOMATOES;XIRECS;5001.0;5
293300;BOT_MAKER;BOT_TAKER;TOMATOES;XIRECS;4997.0;2
293600;SUBMISSION;BOT_TAKER;EMERALDS;XIRECS;9993.0;6
295000;BOT_MAKER;BOT_TAKER;TOMATOES;XIRECS;4998.0;4
295600;SUBMISSION;BOT_TAKER;TOMATOES;XIRECS;4997.0;4
298300;BOT_MAKER;BOT_TAKER;TOMATOES;XIRECS;4996.0;4
303500;SUBMISSION;BOT;TOMATOES;XIRECS;4996.0;6
303800;BOT_TAKER;BOT_MAKER;TOMATOES;XIRECS;5005.0;4
305800;BOT_MAKER;BOT_TAKER;TOMATOES;XIRECS;4990.0;5
306700;BOT_MAKER;BOT_TAKER;TOMATOES;XIRECS;4992.0;3
307900;BOT_MAKER;BOT_TAKER;TOMATOES;XIRECS;4991.0;3
313200;BOT_MAKER;BOT_TAKER;TOMATOES;XIRECS;4999.0;3
314500;BOT_MAKER;BOT_TAKER;TOMATOES;XIRECS;4993.0;4
315400;BOT_TAKER;SUBMISSION;EMERALDS;XIRECS;10007.0;5
317100;BOT_MAKER;BOT_TAKER;TOMATOES;XIRECS;4995.0;3
317400;SUBMISSION;BOT_TAKER;EMERALDS;XIRECS;9993.0;3
318200;BOT_TAKER;BOT_MAKER;TOMATOES;XIRECS;5008.0;3
319300;BOT_TAKER;SUBMISSION;TOMATOES;XIRECS;5010.0;4
320000;BOT_MAKER;BOT_TAKER;TOMATOES;XIRECS;4997.0;3
321200;SUBMISSION;BOT_TAKER;EMERALDS;XIRECS;9993.0;4
323900;BOT_TAKER;BOT_MAKER;TOMATOES;XIRECS;5008.0;4
325200;SUBMISSION;BOT;TOMATOES;XIRECS;4997.0;5
327300;BOT_MAKER;BOT_TAKER;TOMATOES;XIRECS;4991.0;5
327400;BOT_TAKER;SUBMISSION;TOMATOES;XIRECS;5002.0;3
328400;SUBMISSION;BOT;TOMATOES;XIRECS;4996.0;6
329300;BOT_MAKER;BOT_TAKER;TOMATOES;XIRECS;4991.0;4
330400;BOT_TAKER;SUBMISSION;EMERALDS;XIRECS;10007.0;3
331000;BOT;SUBMISSION;TOMATOES;XIRECS;5002.0;10
332200;BOT_MAKER;BOT_TAKER;TOMATOES;XIRECS;4995.0;5
333100;BOT_MAKER;BOT_TAKER;TOMATOES;XIRECS;4996.0;3
335300;BOT_TAKER;SUBMISSION;EMERALDS;XIRECS;10007.0;5
335500;BOT_MAKER;BOT_TAKER;TOMATOES;XIRECS;4994.0;5
335600;BOT_MAKER;BOT_TAKER;TOMATOES;XIRECS;4995.0;5
339200;BOT_TAKER;SUBMISSION;TOMATOES;XIRECS;5004.0;2
340600;BOT_TAKER;BOT_MAKER;TOMATOES;XIRECS;5005.0;2
341100;BOT_MAKER;BOT_TAKER;TOMATOES;XIRECS;4991.0;5
341300;BOT_TAKER;SUBMISSION;EMERALDS;XIRECS;10007.0;5
341500;BOT_TAKER;BOT_MAKER;TOMATOES;XIRECS;5006.0;2
343600;BOT_MAKER;BOT_TAKER;TOMATOES;XIRECS;4995.0;5
343900;BOT_MAKER;BOT_TAKER;TOMATOES;XIRECS;4994.0;3
345800;BOT_TAKER;SUBMISSION;TOMATOES;XIRECS;5003.0;4
347000;SUBMISSION;BOT_TAKER;TOMATOES;XIRECS;4995.0;2
351600;BOT_TAKER;BOT_MAKER;TOMATOES;XIRECS;5015.0;4
353100;BOT_MAKER;BOT_TAKER;TOMATOES;XIRECS;5000.0;4
356600;BOT_TAKER;BOT_MAKER;TOMATOES;XIRECS;5006.0;4
357100;BOT_MAKER;BOT_TAKER;TOMATOES;XIRECS;4993.0;5
357600;BOT_TAKER;SUBMISSION;TOMATOES;XIRECS;5005.0;4
364900;SUBMISSION;BOT;TOMATOES;XIRECS;4998.0;9
368000;BOT_MAKER;BOT_TAKER;TOMATOES;XIRECS;4995.0;3
369200;SUBMISSION;BOT_TAKER;EMERALDS;XIRECS;9993.0;6
369500;BOT_MAKER;BOT_TAKER;TOMATOES;XIRECS;4994.0;3
370600;BOT_TAKER;SUBMISSION;TOMATOES;XIRECS;5007.0;3
372100;BOT_TAKER;SUBMISSION;EMERALDS;XIRECS;10007.0;3
374600;BOT_TAKER;SUBMISSION;TOMATOES;XIRECS;5008.0;5
375000;BOT_TAKER;SUBMISSION;TOMATOES;XIRECS;5010.0;4
381200;BOT_TAKER;BOT_MAKER;TOMATOES;XIRECS;5006.0;5
381200;BOT_TAKER;BOT_MAKER;TOMATOES;XIRECS;5008.0;1
382400;BOT_TAKER;SUBMISSION;EMERALDS;XIRECS;10007.0;3
382700;SUBMISSION;BOT_TAKER;TOMATOES;XIRECS;4993.0;5
384900;SUBMISSION;BOT_TAKER;TOMATOES;XIRECS;4990.0;5
389700;BOT_TAKER;BOT_MAKER;TOMATOES;XIRECS;5001.0;4
390500;BOT_MAKER;BOT_TAKER;TOMATOES;XIRECS;4988.0;4
390700;BOT_TAKER;SUBMISSION;TOMATOES;XIRECS;5001.0;2
391300;BOT_TAKER;SUBMISSION;TOMATOES;XIRECS;5001.0;3
391900;BOT_TAKER;SUBMISSION;EMERALDS;XIRECS;10007.0;5
393300;SUBMISSION;BOT_TAKER;EMERALDS;XIRECS;9993.0;6
396100;SUBMISSION;BOT_TAKER;TOMATOES;XIRECS;4994.0;4
397500;BOT_TAKER;SUBMISSION;TOMATOES;XIRECS;5007.0;5
399300;SUBMISSION;BOT;TOMATOES;XIRECS;5002.0;8
399300;SUBMISSION;BOT_TAKER;TOMATOES;XIRECS;5000.0;4
399400;BOT;SUBMISSION;TOMATOES;XIRECS;5004.0;10
400800;SUBMISSION;BOT_TAKER;EMERALDS;XIRECS;9993.0;6
403300;BOT_MAKER;BOT_TAKER;TOMATOES;XIRECS;4997.0;2
405100;SUBMISSION;BOT_TAKER;EMERALDS;XIRECS;9993.0;8
405900;BOT_TAKER;SUBMISSION;EMERALDS;XIRECS;10007.0;8
406000;BOT_TAKER;SUBMISSION;EMERALDS;XIRECS;10007.0;3
407400;SUBMISSION;BOT_TAKER;TOMATOES;XIRECS;5000.0;5
408400;BOT_MAKER;BOT_TAKER;TOMATOES;XIRECS;5001.0;5
409300;SUBMISSION;BOT_TAKER;EMERALDS;XIRECS;9993.0;7
409600;BOT_MAKER;BOT_TAKER;TOMATOES;XIRECS;5003.0;5
409700;BOT_TAKER;SUBMISSION;EMERALDS;XIRECS;10007.0;5
411700;BOT_MAKER;BOT_TAKER;TOMATOES;XIRECS;5003.0;2
412000;BOT_MAKER;BOT_TAKER;TOMATOES;XIRECS;5000.0;3
415800;BOT_TAKER;BOT_MAKER;TOMATOES;XIRECS;5014.0;4
416700;SUBMISSION;BOT_TAKER;EMERALDS;XIRECS;9993.0;4
417600;BOT_TAKER;SUBMISSION;TOMATOES;XIRECS;5015.0;5
419800;SUBMISSION;BOT_TAKER;EMERALDS;XIRECS;9993.0;5
419800;BOT_TAKER;BOT_MAKER;TOMATOES;XIRECS;5016.0;2
420000;SUBMISSION;BOT_TAKER;TOMATOES;XIRECS;5003.0;3
420300;BOT_TAKER;BOT_MAKER;TOMATOES;XIRECS;5015.0;5
425100;SUBMISSION;BOT_TAKER;EMERALDS;XIRECS;9993.0;5
427100;BOT_TAKER;SUBMISSION;TOMATOES;XIRECS;5011.0;2
431900;BOT_MAKER;BOT_TAKER;TOMATOES;XIRECS;4993.0;3
435000;BOT_TAKER;BOT_MAKER;TOMATOES;XIRECS;5008.0;2
435300;SUBMISSION;BOT_TAKER;EMERALDS;XIRECS;9993.0;6
436000;SUBMISSION;BOT;TOMATOES;XIRECS;4998.0;9
439200;BOT_MAKER;BOT_TAKER;TOMATOES;XIRECS;4998.0;2
445700;BOT_TAKER;SUBMISSION;EMERALDS;XIRECS;10007.0;8
449400;SUBMISSION;BOT_TAKER;EMERALDS;XIRECS;9993.0;5
453500;BOT_MAKER;BOT_TAKER;TOMATOES;XIRECS;4989.0;3
459500;BOT_TAKER;SUBMISSION;EMERALDS;XIRECS;10007.0;3
459500;BOT_MAKER;BOT_TAKER;TOMATOES;XIRECS;4992.0;2
460600;BOT_TAKER;SUBMISSION;EMERALDS;XIRECS;10007.0;5
461000;BOT_TAKER;BOT_MAKER;TOMATOES;XIRECS;5007.0;4
461500;BOT_TAKER;BOT_MAKER;TOMATOES;XIRECS;5006.0;5
462400;BOT_TAKER;BOT_MAKER;TOMATOES;XIRECS;5006.0;5
467000;BOT_TAKER;BOT_MAKER;TOMATOES;XIRECS;5002.0;4
468500;BOT_MAKER;BOT_TAKER;TOMATOES;XIRECS;4991.0;2
469900;SUBMISSION;BOT_TAKER;EMERALDS;XIRECS;9993.0;5
470100;BOT_MAKER;BOT_TAKER;TOMATOES;XIRECS;4993.0;3
471000;BOT_TAKER;BOT_MAKER;TOMATOES;XIRECS;5005.0;4
471400;BOT_TAKER;SUBMISSION;TOMATOES;XIRECS;5003.0;3
472500;BOT_MAKER;BOT_TAKER;TOMATOES;XIRECS;4991.0;3
474000;BOT_TAKER;BOT_MAKER;TOMATOES;XIRECS;5006.0;6
475300;BOT_MAKER;BOT_TAKER;TOMATOES;XIRECS;4991.0;3
476800;BOT_MAKER;BOT_TAKER;TOMATOES;XIRECS;4990.0;5
478300;BOT_MAKER;BOT_TAKER;TOMATOES;XIRECS;4998.0;2
478300;BOT_MAKER;BOT_TAKER;TOMATOES;XIRECS;4993.0;2
479400;BOT_TAKER;SUBMISSION;TOMATOES;XIRECS;5007.0;4
479800;BOT_TAKER;SUBMISSION;EMERALDS;XIRECS;10007.0;8
483000;BOT_MAKER;BOT_TAKER;TOMATOES;XIRECS;4991.0;2
484700;BOT_TAKER;BOT_MAKER;TOMATOES;XIRECS;5002.0;3
487900;BOT_TAKER;BOT_MAKER;TOMATOES;XIRECS;5003.0;2
488300;BOT_TAKER;BOT_MAKER;TOMATOES;XIRECS;5004.0;4
490300;BOT_MAKER;BOT_TAKER;TOMATOES;XIRECS;4988.0;5
492800;BOT_TAKER;BOT_MAKER;TOMATOES;XIRECS;4997.0;2
492800;BOT_TAKER;SUBMISSION;TOMATOES;XIRECS;4997.0;3
493500;BOT_MAKER;BOT_TAKER;TOMATOES;XIRECS;4989.0;3
494400;SUBMISSION;BOT;TOMATOES;XIRECS;4993.0;6
494500;BOT_MAKER;BOT_TAKER;TOMATOES;XIRECS;4988.0;4
495600;BOT_TAKER;SUBMISSION;EMERALDS;XIRECS;10007.0;3
496400;BOT_TAKER;SUBMISSION;EMERALDS;XIRECS;10007.0;5
497700;SUBMISSION;BOT_TAKER;EMERALDS;XIRECS;9993.0;4
497700;BOT_MAKER;BOT_TAKER;TOMATOES;XIRECS;4991.0;2
499000;SUBMISSION;BOT_TAKER;EMERALDS;XIRECS;9993.0;6
501100;BOT_TAKER;BOT_MAKER;TOMATOES;XIRECS;5005.0;3
501800;BOT_MAKER;BOT_TAKER;TOMATOES;XIRECS;4993.0;5
502000;BOT_TAKER;SUBMISSION;TOMATOES;XIRECS;5005.0;4
503000;BOT_TAKER;SUBMISSION;EMERALDS;XIRECS;10007.0;6
503500;SUBMISSION;BOT_TAKER;EMERALDS;XIRECS;9993.0;6
506200;SUBMISSION;BOT_TAKER;EMERALDS;XIRECS;9993.0;7
509000;SUBMISSION;BOT_TAKER;TOMATOES;XIRECS;4990.0;5
510600;SUBMISSION;BOT_TAKER;EMERALDS;XIRECS;9993.0;5
511100;BOT_MAKER;BOT_TAKER;TOMATOES;XIRECS;4987.0;2
512200;BOT_MAKER;BOT_TAKER;TOMATOES;XIRECS;4987.0;3
512800;SUBMISSION;BOT_TAKER;EMERALDS;XIRECS;9993.0;7
515400;SUBMISSION;BOT_TAKER;EMERALDS;XIRECS;9993.0;4
515400;BOT_MAKER;BOT_TAKER;EMERALDS;XIRECS;9992.0;3
515500;BOT_TAKER;BOT_MAKER;TOMATOES;XIRECS;5001.0;2
516000;BOT_TAKER;BOT_MAKER;TOMATOES;XIRECS;5001.0;5
517800;BOT;SUBMISSION;TOMATOES;XIRECS;4998.0;6
527500;BOT_TAKER;SUBMISSION;TOMATOES;XIRECS;4997.0;3
527600;BOT_MAKER;BOT_TAKER;TOMATOES;XIRECS;4990.0;5
528400;BOT_MAKER;BOT_TAKER;TOMATOES;XIRECS;4985.0;4
536400;BOT_MAKER;BOT_TAKER;TOMATOES;XIRECS;4989.0;2
538200;BOT_TAKER;SUBMISSION;TOMATOES;XIRECS;5002.0;3
540800;BOT_MAKER;BOT_TAKER;TOMATOES;XIRECS;4987.0;4
542200;BOT_MAKER;BOT_TAKER;EMERALDS;XIRECS;9992.0;4
543600;BOT_MAKER;BOT_TAKER;EMERALDS;XIRECS;9992.0;6
544200;BOT_TAKER;BOT_MAKER;TOMATOES;XIRECS;5003.0;2
544400;BOT_TAKER;BOT_MAKER;TOMATOES;XIRECS;4998.0;5
546000;BOT_MAKER;BOT_TAKER;TOMATOES;XIRECS;4992.0;3
546500;BOT_MAKER;BOT_TAKER;TOMATOES;XIRECS;4993.0;4
547900;BOT_TAKER;BOT_MAKER;TOMATOES;XIRECS;5007.0;3
549200;BOT_MAKER;BOT_TAKER;TOMATOES;XIRECS;4994.0;3
553300;BOT_MAKER;BOT_TAKER;EMERALDS;XIRECS;9992.0;6
553300;BOT_MAKER;BOT_TAKER;TOMATOES;XIRECS;4997.0;5
553900;BOT_TAKER;BOT_MAKER;TOMATOES;XIRECS;5009.0;3
554400;BOT_MAKER;BOT_TAKER;TOMATOES;XIRECS;4996.0;5
555000;BOT_TAKER;SUBMISSION;TOMATOES;XIRECS;5010.0;5
560000;BOT_MAKER;BOT_TAKER;EMERALDS;XIRECS;9992.0;6
560800;BOT_MAKER;BOT_TAKER;EMERALDS;XIRECS;9992.0;7
561000;BOT_TAKER;BOT_MAKER;TOMATOES;XIRECS;5013.0;2
562100;BOT_MAKER;BOT_TAKER;TOMATOES;XIRECS;5005.0;5
562700;BOT_TAKER;BOT_MAKER;TOMATOES;XIRECS;5014.0;2
565500;BOT_MAKER;BOT_TAKER;EMERALDS;XIRECS;9992.0;3
565700;BOT_MAKER;BOT_TAKER;TOMATOES;XIRECS;4998.0;3
566600;BOT_TAKER;SUBMISSION;EMERALDS;XIRECS;10007.0;5
570600;BOT_TAKER;BOT_MAKER;TOMATOES;XIRECS;5017.0;5
571400;SUBMISSION;BOT_TAKER;EMERALDS;XIRECS;9993.0;4
572300;BOT_TAKER;SUBMISSION;EMERALDS;XIRECS;10007.0;7
574800;BOT_TAKER;BOT_MAKER;TOMATOES;XIRECS;5013.0;5
577100;BOT_MAKER;BOT_TAKER;TOMATOES;XIRECS;5001.0;5
577300;BOT_TAKER;SUBMISSION;EMERALDS;XIRECS;10007.0;3
577300;BOT_MAKER;BOT_TAKER;TOMATOES;XIRECS;5002.0;2
581800;BOT_TAKER;SUBMISSION;TOMATOES;XIRECS;5015.0;3
582800;BOT_TAKER;SUBMISSION;TOMATOES;XIRECS;5017.0;2
586300;SUBMISSION;BOT_TAKER;TOMATOES;XIRECS;5006.0;3
586800;BOT_TAKER;SUBMISSION;TOMATOES;XIRECS;5018.0;4
590200;SUBMISSION;BOT_TAKER;EMERALDS;XIRECS;9993.0;7
590700;BOT_MAKER;BOT_TAKER;TOMATOES;XIRECS;5000.0;3
593000;BOT_TAKER;SUBMISSION;TOMATOES;XIRECS;5015.0;4
594800;BOT;SUBMISSION;TOMATOES;XIRECS;5017.0;6
596900;BOT_TAKER;SUBMISSION;EMERALDS;XIRECS;10007.0;8
598900;BOT_MAKER;BOT_TAKER;TOMATOES;XIRECS;5008.0;5
601100;BOT_TAKER;BOT_MAKER;TOMATOES;XIRECS;5022.0;5
601300;BOT_TAKER;BOT_MAKER;TOMATOES;XIRECS;5022.0;3
605500;SUBMISSION;BOT;TOMATOES;XIRECS;5008.0;10
608500;SUBMISSION;BOT_TAKER;EMERALDS;XIRECS;9993.0;7
609600;SUBMISSION;BOT_TAKER;EMERALDS;XIRECS;9993.0;5
609600;BOT_MAKER;BOT_TAKER;EMERALDS;XIRECS;9992.0;2
610700;BOT_MAKER;BOT_TAKER;EMERALDS;XIRECS;9992.0;6
615400;BOT_MAKER;BOT_TAKER;EMERALDS;XIRECS;9992.0;5
619100;BOT_TAKER;BOT_MAKER;TOMATOES;XIRECS;5016.0;4
621900;BOT_TAKER;BOT_MAKER;TOMATOES;XIRECS;5015.0;3
622600;BOT_TAKER;SUBMISSION;EMERALDS;XIRECS;10007.0;3
623500;BOT_TAKER;SUBMISSION;TOMATOES;XIRECS;5014.0;4
623600;BOT_MAKER;BOT_TAKER;TOMATOES;XIRECS;5002.0;5
624500;SUBMISSION;BOT_TAKER;EMERALDS;XIRECS;9993.0;3
624500;BOT_MAKER;BOT_TAKER;EMERALDS;XIRECS;9992.0;3
624500;SUBMISSION;BOT_TAKER;TOMATOES;XIRECS;5000.0;3
625300;BOT_MAKER;BOT_TAKER;EMERALDS;XIRECS;9992.0;6
627900;BOT_MAKER;BOT_TAKER;TOMATOES;XIRECS;4995.0;4
628300;BOT_MAKER;BOT_TAKER;EMERALDS;XIRECS;9992.0;3
630300;BOT_MAKER;BOT_TAKER;TOMATOES;XIRECS;4992.0;3
631000;BOT_TAKER;SUBMISSION;EMERALDS;XIRECS;10007.0;4
632200;SUBMISSION;BOT_TAKER;EMERALDS;XIRECS;9993.0;4
632200;BOT_MAKER;BOT_TAKER;EMERALDS;XIRECS;9992.0;2
633200;BOT_TAKER;SUBMISSION;TOMATOES;XIRECS;5001.0;5
634000;BOT_MAKER;BOT_TAKER;TOMATOES;XIRECS;4988.0;3
634800;BOT_MAKER;BOT_TAKER;TOMATOES;XIRECS;4985.0;4
636400;BOT_MAKER;BOT_TAKER;TOMATOES;XIRECS;4986.0;3
638000;BOT_TAKER;SUBMISSION;EMERALDS;XIRECS;10007.0;5
640600;SUBMISSION;BOT_TAKER;TOMATOES;XIRECS;4988.0;3
640900;BOT_TAKER;SUBMISSION;EMERALDS;XIRECS;10007.0;6
641300;BOT_MAKER;BOT_TAKER;TOMATOES;XIRECS;4987.0;4
641800;SUBMISSION;BOT_TAKER;EMERALDS;XIRECS;9993.0;3
642800;BOT_MAKER;BOT_TAKER;TOMATOES;XIRECS;4985.0;5
645700;BOT_TAKER;SUBMISSION;EMERALDS;XIRECS;10007.0;5
646000;SUBMISSION;BOT_TAKER;EMERALDS;XIRECS;9993.0;8
646600;BOT_TAKER;BOT_MAKER;TOMATOES;XIRECS;4993.0;4
647300;BOT_MAKER;BOT_TAKER;TOMATOES;XIRECS;4982.0;5
652600;SUBMISSION;BOT_TAKER;EMERALDS;XIRECS;9993.0;5
652600;BOT_MAKER;BOT_TAKER;EMERALDS;XIRECS;9992.0;1
653200;BOT;SUBMISSION;TOMATOES;XIRECS;4988.0;9
653900;BOT_TAKER;BOT_MAKER;TOMATOES;XIRECS;4994.0;2
654800;BOT_TAKER;BOT_MAKER;TOMATOES;XIRECS;4996.0;5
654900;BOT_MAKER;BOT_TAKER;EMERALDS;XIRECS;9992.0;6
655000;BOT_MAKER;BOT_TAKER;TOMATOES;XIRECS;4981.0;5
659900;BOT_MAKER;BOT_TAKER;TOMATOES;XIRECS;4974.0;2
660800;BOT_MAKER;BOT_TAKER;EMERALDS;XIRECS;9992.0;4
663500;BOT_TAKER;BOT_MAKER;TOMATOES;XIRECS;4978.0;2
665300;BOT_MAKER;BOT_TAKER;TOMATOES;XIRECS;4963.0;3
667100;BOT;SUBMISSION;TOMATOES;XIRECS;4972.0;8
669100;BOT;SUBMISSION;TOMATOES;XIRECS;4972.0;6
670300;BOT_TAKER;SUBMISSION;EMERALDS;XIRECS;10007.0;7
671000;BOT_TAKER;SUBMISSION;EMERALDS;XIRECS;10007.0;8
673300;SUBMISSION;BOT_TAKER;TOMATOES;XIRECS;4969.0;5
673700;BOT_MAKER;BOT_TAKER;TOMATOES;XIRECS;4966.0;2
674000;BOT_MAKER;BOT_TAKER;TOMATOES;XIRECS;4965.0;3
674300;BOT_MAKER;BOT_TAKER;TOMATOES;XIRECS;4965.0;5
675000;SUBMISSION;BOT_TAKER;EMERALDS;XIRECS;9993.0;6
675500;BOT_MAKER;BOT_TAKER;TOMATOES;XIRECS;4967.0;4
677200;SUBMISSION;BOT_TAKER;TOMATOES;XIRECS;4966.0;2
677700;SUBMISSION;BOT_TAKER;TOMATOES;XIRECS;4965.0;2
683400;BOT_MAKER;BOT_TAKER;TOMATOES;XIRECS;4966.0;4
684100;BOT_TAKER;BOT_MAKER;TOMATOES;XIRECS;4982.0;3
684400;BOT_TAKER;BOT_MAKER;TOMATOES;XIRECS;4981.0;4
684500;SUBMISSION;BOT;TOMATOES;XIRECS;4973.0;8
686000;SUBMISSION;BOT_TAKER;EMERALDS;XIRECS;9993.0;4
686900;SUBMISSION;BOT_TAKER;TOMATOES;XIRECS;4973.0;3
687500;BOT_TAKER;BOT_MAKER;TOMATOES;XIRECS;4985.0;5
694500;SUBMISSION;BOT_TAKER;TOMATOES;XIRECS;4973.0;3
695800;BOT;SUBMISSION;TOMATOES;XIRECS;4980.0;7
696500;SUBMISSION;BOT_TAKER;EMERALDS;XIRECS;9993.0;4
698000;BOT_TAKER;BOT_MAKER;TOMATOES;XIRECS;4983.0;2
698100;BOT_TAKER;BOT_MAKER;TOMATOES;XIRECS;4983.0;3
698300;BOT_TAKER;BOT_MAKER;TOMATOES;XIRECS;4985.0;5
698800;SUBMISSION;BOT_TAKER;TOMATOES;XIRECS;4972.0;1
698800;BOT_MAKER;BOT_TAKER;TOMATOES;XIRECS;4971.0;4
700200;BOT_TAKER;BOT_MAKER;TOMATOES;XIRECS;4982.0;3
701600;BOT_TAKER;BOT_MAKER;TOMATOES;XIRECS;4981.0;5
703200;SUBMISSION;BOT_TAKER;TOMATOES;XIRECS;4972.0;1
703200;BOT_MAKER;BOT_TAKER;TOMATOES;XIRECS;4970.0;3
704500;BOT_TAKER;BOT_MAKER;TOMATOES;XIRECS;4983.0;2
706000;BOT;SUBMISSION;TOMATOES;XIRECS;4977.0;10
706400;SUBMISSION;BOT_TAKER;TOMATOES;XIRECS;4971.0;1
706400;BOT_MAKER;BOT_TAKER;TOMATOES;XIRECS;4969.0;3
708000;BOT_TAKER;BOT_MAKER;TOMATOES;XIRECS;4982.0;3
709100;SUBMISSION;BOT_TAKER;TOMATOES;XIRECS;4971.0;1
709100;BOT_MAKER;BOT_TAKER;TOMATOES;XIRECS;4970.0;2
711200;SUBMISSION;BOT_TAKER;TOMATOES;XIRECS;4973.0;1
711200;BOT_MAKER;BOT_TAKER;TOMATOES;XIRECS;4972.0;4
712000;BOT_TAKER;SUBMISSION;EMERALDS;XIRECS;10007.0;5
715700;SUBMISSION;BOT_TAKER;EMERALDS;XIRECS;9993.0;3
716500;SUBMISSION;BOT_TAKER;TOMATOES;XIRECS;4973.0;3
717500;SUBMISSION;BOT_TAKER;TOMATOES;XIRECS;4973.0;3
718600;SUBMISSION;BOT_TAKER;TOMATOES;XIRECS;4971.0;2
719500;SUBMISSION;BOT_TAKER;TOMATOES;XIRECS;4970.0;3
719500;BOT_MAKER;BOT_TAKER;TOMATOES;XIRECS;4969.0;2
719900;SUBMISSION;BOT_TAKER;EMERALDS;XIRECS;9993.0;3
719900;BOT_MAKER;BOT_TAKER;EMERALDS;XIRECS;9992.0;3
721500;BOT_TAKER;BOT_MAKER;TOMATOES;XIRECS;4980.0;5
723800;BOT;SUBMISSION;TOMATOES;XIRECS;4975.0;12
724000;BOT_MAKER;BOT_TAKER;TOMATOES;XIRECS;4966.0;4
725400;BOT_MAKER;BOT_TAKER;TOMATOES;XIRECS;4967.0;3
728100;BOT_MAKER;BOT_TAKER;EMERALDS;XIRECS;9992.0;6
731300;BOT_TAKER;BOT_MAKER;TOMATOES;XIRECS;4980.0;4
731600;BOT_MAKER;BOT_TAKER;EMERALDS;XIRECS;9992.0;4
731900;BOT_TAKER;SUBMISSION;EMERALDS;XIRECS;10007.0;7
732700;SUBMISSION;BOT_TAKER;TOMATOES;XIRECS;4973.0;3
736100;BOT_TAKER;BOT_MAKER;TOMATOES;XIRECS;4983.0;2
737900;BOT_TAKER;BOT_MAKER;TOMATOES;XIRECS;4981.0;5
743300;BOT_TAKER;SUBMISSION;EMERALDS;XIRECS;10007.0;8
744300;BOT_TAKER;BOT_MAKER;TOMATOES;XIRECS;4983.0;2
744800;SUBMISSION;BOT_TAKER;TOMATOES;XIRECS;4971.0;3
745200;BOT_TAKER;SUBMISSION;EMERALDS;XIRECS;10007.0;7
745700;BOT_MAKER;BOT_TAKER;TOMATOES;XIRECS;4970.0;4
746500;BOT_TAKER;BOT_MAKER;TOMATOES;XIRECS;4985.0;4
747100;SUBMISSION;BOT;TOMATOES;XIRECS;4975.0;6
752300;BOT_TAKER;BOT_MAKER;TOMATOES;XIRECS;4984.0;3
756200;SUBMISSION;BOT_TAKER;EMERALDS;XIRECS;9993.0;8
762500;BOT_TAKER;SUBMISSION;EMERALDS;XIRECS;10007.0;3
764500;BOT_MAKER;BOT_TAKER;TOMATOES;XIRECS;4978.0;4
767100;BOT_TAKER;BOT_MAKER;TOMATOES;XIRECS;4991.0;2
768100;BOT_TAKER;BOT_MAKER;TOMATOES;XIRECS;4991.0;4
768500;SUBMISSION;BOT;TOMATOES;XIRECS;4983.0;11
770300;SUBMISSION;BOT_TAKER;TOMATOES;XIRECS;4978.0;2
773000;BOT_TAKER;SUBMISSION;EMERALDS;XIRECS;10007.0;5
774900;SUBMISSION;BOT_TAKER;EMERALDS;XIRECS;9993.0;6
775200;BOT_TAKER;SUBMISSION;EMERALDS;XIRECS;10007.0;8
776000;BOT_TAKER;BOT_MAKER;TOMATOES;XIRECS;4989.0;3
779900;BOT_TAKER;SUBMISSION;EMERALDS;XIRECS;10007.0;4
780300;SUBMISSION;BOT_TAKER;EMERALDS;XIRECS;9993.0;4
787600;BOT_TAKER;SUBMISSION;TOMATOES;XIRECS;4991.0;5
789500;BOT_TAKER;SUBMISSION;EMERALDS;XIRECS;10007.0;5
789500;BOT_TAKER;SUBMISSION;TOMATOES;XIRECS;4991.0;3
791800;SUBMISSION;BOT_TAKER;TOMATOES;XIRECS;4979.0;3
793900;SUBMISSION;BOT;TOMATOES;XIRECS;4978.0;9
795000;BOT_TAKER;SUBMISSION;EMERALDS;XIRECS;10007.0;4
795600;BOT_TAKER;SUBMISSION;EMERALDS;XIRECS;10007.0;8
796800;BOT_MAKER;BOT_TAKER;TOMATOES;XIRECS;4970.0;5
797600;SUBMISSION;BOT;TOMATOES;XIRECS;4976.0;12
798000;BOT_MAKER;BOT_TAKER;TOMATOES;XIRECS;4971.0;3
798900;BOT_MAKER;BOT_TAKER;TOMATOES;XIRECS;4970.0;4
799800;BOT_TAKER;SUBMISSION;EMERALDS;XIRECS;10007.0;3
799900;BOT_TAKER;BOT_MAKER;TOMATOES;XIRECS;4984.0;5
804600;SUBMISSION;BOT_TAKER;EMERALDS;XIRECS;9993.0;3
807300;SUBMISSION;BOT_TAKER;EMERALDS;XIRECS;9993.0;7
807800;SUBMISSION;BOT_TAKER;EMERALDS;XIRECS;9993.0;5
808600;SUBMISSION;BOT_TAKER;EMERALDS;XIRECS;9993.0;7
808900;BOT_MAKER;BOT_TAKER;TOMATOES;XIRECS;4971.0;3
809400;SUBMISSION;BOT;TOMATOES;XIRECS;4976.0;10
811200;SUBMISSION;BOT_TAKER;EMERALDS;XIRECS;9993.0;5
811600;SUBMISSION;BOT_TAKER;EMERALDS;XIRECS;9993.0;6
815300;BOT_TAKER;BOT_MAKER;TOMATOES;XIRECS;4986.0;5
817000;BOT_TAKER;SUBMISSION;EMERALDS;XIRECS;10007.0;5
817700;BOT_MAKER;BOT_TAKER;TOMATOES;XIRECS;4971.0;4
819000;SUBMISSION;BOT_TAKER;EMERALDS;XIRECS;9993.0;5
819300;SUBMISSION;BOT;TOMATOES;XIRECS;4975.0;8
820800;BOT_TAKER;SUBMISSION;TOMATOES;XIRECS;4980.0;4
821800;BOT_TAKER;SUBMISSION;EMERALDS;XIRECS;10007.0;3
825100;BOT_TAKER;SUBMISSION;EMERALDS;XIRECS;10007.0;5
826500;BOT_MAKER;BOT_TAKER;TOMATOES;XIRECS;4969.0;3
827000;BOT_TAKER;SUBMISSION;TOMATOES;XIRECS;4981.0;4
827400;BOT_MAKER;BOT_TAKER;TOMATOES;XIRECS;4970.0;3
831000;BOT_MAKER;BOT_TAKER;TOMATOES;XIRECS;4968.0;5
832800;BOT;SUBMISSION;TOMATOES;XIRECS;4972.0;12
835000;SUBMISSION;BOT_TAKER;EMERALDS;XIRECS;9993.0;8
835400;BOT_TAKER;SUBMISSION;TOMATOES;XIRECS;4973.0;4
837100;BOT_MAKER;BOT_TAKER;TOMATOES;XIRECS;4962.0;5
838300;BOT_TAKER;SUBMISSION;EMERALDS;XIRECS;10007.0;6
838800;BOT_TAKER;SUBMISSION;EMERALDS;XIRECS;10007.0;8
842700;SUBMISSION;BOT;TOMATOES;XIRECS;4964.0;11
848500;BOT_MAKER;BOT_TAKER;TOMATOES;XIRECS;4962.0;4
849000;BOT_MAKER;BOT_TAKER;TOMATOES;XIRECS;4961.0;4
850600;BOT_TAKER;SUBMISSION;TOMATOES;XIRECS;4973.0;4
851800;SUBMISSION;BOT_TAKER;EMERALDS;XIRECS;9993.0;3
852800;BOT_TAKER;BOT_MAKER;TOMATOES;XIRECS;4972.0;3
856500;BOT_TAKER;SUBMISSION;EMERALDS;XIRECS;10007.0;6
857300;BOT_TAKER;SUBMISSION;TOMATOES;XIRECS;4970.0;3
862500;BOT_TAKER;SUBMISSION;EMERALDS;XIRECS;9999.0;3
863300;BOT_MAKER;BOT_TAKER;TOMATOES;XIRECS;4952.0;5
864100;BOT_TAKER;SUBMISSION;TOMATOES;XIRECS;4964.0;4
864500;SUBMISSION;BOT;TOMATOES;XIRECS;4958.0;10
865400;SUBMISSION;BOT_TAKER;EMERALDS;XIRECS;9993.0;5
867900;BOT_MAKER;BOT_TAKER;TOMATOES;XIRECS;4953.0;4
868400;SUBMISSION;BOT;TOMATOES;XIRECS;4958.0;12
871000;BOT_TAKER;SUBMISSION;TOMATOES;XIRECS;4959.0;4
871400;SUBMISSION;BOT_TAKER;EMERALDS;XIRECS;9993.0;6
872200;BOT_TAKER;BOT_MAKER;TOMATOES;XIRECS;4961.0;2
873300;BOT_TAKER;SUBMISSION;EMERALDS;XIRECS;10007.0;3
874900;BOT_TAKER;SUBMISSION;EMERALDS;XIRECS;10007.0;6
875300;BOT_TAKER;SUBMISSION;EMERALDS;XIRECS;10007.0;5
880500;SUBMISSION;BOT;TOMATOES;XIRECS;4954.0;7
886100;BOT_TAKER;BOT_MAKER;TOMATOES;XIRECS;4965.0;2
886300;BOT_MAKER;BOT_TAKER;TOMATOES;XIRECS;4951.0;2
886500;BOT_TAKER;SUBMISSION;TOMATOES;XIRECS;4962.0;4
888500;SUBMISSION;BOT_TAKER;EMERALDS;XIRECS;9993.0;5
891200;BOT_MAKER;BOT_TAKER;TOMATOES;XIRECS;4953.0;2
891900;SUBMISSION;BOT_TAKER;EMERALDS;XIRECS;9993.0;7
891900;BOT_MAKER;BOT_TAKER;TOMATOES;XIRECS;4958.0;4
893300;BOT_MAKER;BOT_TAKER;TOMATOES;XIRECS;4958.0;2
894000;BOT_MAKER;BOT_TAKER;TOMATOES;XIRECS;4959.0;4
895100;BOT_TAKER;SUBMISSION;EMERALDS;XIRECS;10007.0;4
898700;BOT_TAKER;SUBMISSION;TOMATOES;XIRECS;4973.0;3
899800;BOT_MAKER;BOT_TAKER;TOMATOES;XIRECS;4961.0;3
900400;SUBMISSION;BOT;TOMATOES;XIRECS;4964.0;5
900800;BOT_MAKER;BOT_TAKER;TOMATOES;XIRECS;4960.0;2
904200;BOT_TAKER;BOT_MAKER;TOMATOES;XIRECS;4974.0;4
905000;BOT_MAKER;BOT_TAKER;TOMATOES;XIRECS;4962.0;4
906400;BOT_TAKER;SUBMISSION;TOMATOES;XIRECS;4976.0;4
906800;BOT_TAKER;SUBMISSION;EMERALDS;XIRECS;10007.0;7
907600;BOT_TAKER;SUBMISSION;TOMATOES;XIRECS;4975.0;5
908600;BOT_TAKER;SUBMISSION;TOMATOES;XIRECS;4976.0;6
909100;BOT_TAKER;SUBMISSION;EMERALDS;XIRECS;10007.0;3
910100;BOT_TAKER;SUBMISSION;EMERALDS;XIRECS;10007.0;8
910700;BOT_TAKER;SUBMISSION;EMERALDS;XIRECS;10007.0;5
912700;BOT_TAKER;SUBMISSION;EMERALDS;XIRECS;10007.0;6
913300;BOT_TAKER;BOT_MAKER;TOMATOES;XIRECS;4979.0;3
913900;SUBMISSION;BOT;TOMATOES;XIRECS;4970.0;6
914400;BOT_TAKER;SUBMISSION;TOMATOES;XIRECS;4976.0;3
915600;SUBMISSION;BOT;TOMATOES;XIRECS;4969.0;8
917000;BOT;SUBMISSION;TOMATOES;XIRECS;4972.0;10
917700;BOT_TAKER;SUBMISSION;EMERALDS;XIRECS;10007.0;8
918800;SUBMISSION;BOT_TAKER;EMERALDS;XIRECS;9993.0;4
921600;BOT_MAKER;BOT_TAKER;TOMATOES;XIRECS;4959.0;3
923600;BOT_TAKER;SUBMISSION;EMERALDS;XIRECS;10007.0;5
925200;BOT;SUBMISSION;TOMATOES;XIRECS;4968.0;10
926100;BOT_TAKER;BOT_MAKER;TOMATOES;XIRECS;4976.0;3
930200;BOT_MAKER;BOT_TAKER;TOMATOES;XIRECS;4962.0;4
930900;BOT_TAKER;BOT_MAKER;TOMATOES;XIRECS;4974.0;2
931200;BOT_TAKER;SUBMISSION;TOMATOES;XIRECS;4971.0;2
931800;BOT_TAKER;SUBMISSION;EMERALDS;XIRECS;10007.0;8
934300;SUBMISSION;BOT_TAKER;EMERALDS;XIRECS;9993.0;7
935400;BOT_TAKER;BOT_MAKER;TOMATOES;XIRECS;4974.0;5
936500;BOT_TAKER;SUBMISSION;EMERALDS;XIRECS;10007.0;5
940600;SUBMISSION;BOT;TOMATOES;XIRECS;4965.0;11
941900;SUBMISSION;BOT_TAKER;EMERALDS;XIRECS;9993.0;5
942800;BOT_TAKER;SUBMISSION;TOMATOES;XIRECS;4972.0;4
942900;SUBMISSION;BOT_TAKER;EMERALDS;XIRECS;9993.0;5
944200;BOT_TAKER;BOT_MAKER;TOMATOES;XIRECS;4971.0;3
946200;BOT_MAKER;BOT_TAKER;TOMATOES;XIRECS;4960.0;2
947300;BOT_MAKER;BOT_TAKER;TOMATOES;XIRECS;4960.0;4
947500;BOT_MAKER;BOT_TAKER;TOMATOES;XIRECS;4960.0;3
948300;BOT_MAKER;BOT_TAKER;TOMATOES;XIRECS;4961.0;5
949900;BOT_MAKER;BOT_TAKER;TOMATOES;XIRECS;4960.0;3
952300;BOT_TAKER;SUBMISSION;TOMATOES;XIRECS;4969.0;5
953000;SUBMISSION;BOT;TOMATOES;XIRECS;4964.0;9
953700;BOT_MAKER;BOT_TAKER;TOMATOES;XIRECS;4959.0;2
954900;BOT_TAKER;SUBMISSION;TOMATOES;XIRECS;4969.0;3
955700;BOT_TAKER;BOT_MAKER;TOMATOES;XIRECS;4971.0;5
957100;SUBMISSION;BOT_TAKER;EMERALDS;XIRECS;9993.0;6
957400;SUBMISSION;BOT_TAKER;EMERALDS;XIRECS;9993.0;3
957400;BOT_TAKER;BOT_MAKER;TOMATOES;XIRECS;4969.0;5
958700;BOT_MAKER;BOT_TAKER;TOMATOES;XIRECS;4959.0;4
958800;SUBMISSION;BOT_TAKER;EMERALDS;XIRECS;9993.0;4
960100;BOT_TAKER;SUBMISSION;EMERALDS;XIRECS;10007.0;7
960500;BOT_TAKER;SUBMISSION;EMERALDS;XIRECS;10007.0;4
960800;BOT_TAKER;SUBMISSION;TOMATOES;XIRECS;4969.0;3
962100;BOT_MAKER;BOT_TAKER;TOMATOES;XIRECS;4958.0;5
962800;SUBMISSION;BOT_TAKER;EMERALDS;XIRECS;9993.0;7
963700;BOT_TAKER;SUBMISSION;EMERALDS;XIRECS;10007.0;3
965800;BOT_MAKER;BOT_TAKER;TOMATOES;XIRECS;4954.0;3
968700;SUBMISSION;BOT;TOMATOES;XIRECS;4959.0;12
969800;BOT_MAKER;BOT_TAKER;TOMATOES;XIRECS;4952.0;4
971100;SUBMISSION;BOT_TAKER;EMERALDS;XIRECS;9993.0;6
972700;BOT_MAKER;BOT_TAKER;TOMATOES;XIRECS;4954.0;4
974700;BOT;SUBMISSION;TOMATOES;XIRECS;4960.0;6
974800;SUBMISSION;BOT_TAKER;EMERALDS;XIRECS;9993.0;8
977100;BOT_TAKER;BOT_MAKER;TOMATOES;XIRECS;4961.0;2
982700;BOT_MAKER;BOT_TAKER;TOMATOES;XIRECS;4950.0;2
983900;BOT_MAKER;BOT_TAKER;TOMATOES;XIRECS;4953.0;4
985400;SUBMISSION;BOT_TAKER;EMERALDS;XIRECS;9993.0;6
985500;BOT_MAKER;BOT_TAKER;TOMATOES;XIRECS;4954.0;2
985800;BOT_TAKER;SUBMISSION;TOMATOES;XIRECS;4967.0;2
989800;BOT;SUBMISSION;TOMATOES;XIRECS;4962.0;12
993400;SUBMISSION;BOT;TOMATOES;XIRECS;4963.0;10
997300;BOT_TAKER;BOT_MAKER;TOMATOES;XIRECS;4976.0;3
999000;BOT_TAKER;SUBMISSION;TOMATOES;XIRECS;4973.0;5
999100;BOT;SUBMISSION;TOMATOES;XIRECS;4970.0;7
