timestamp;buyer;seller;symbol;currency;price;quantity
1800;BOT_MAKER;BOT_TAKER;TOMATOES;XIRECS;4994.0;2
1900;BOT_MAKER;BOT_TAKER;TOMATOES;XIRECS;4994.0;3
2000;BOT_TAKER;SUBMISSION;EMERALDS;XIRECS;10007.0;6
2500;BOT_TAKER;BOT_MAKER;TOMATOES;XIRECS;5008.0;3
3700;BOT_TAKER;BOT_MAKER;TOMATOES;XIRECS;5009.0;2
5100;SUBMISSION;BOT_TAKER;EMERALDS;XIRECS;9993.0;4
5400;BOT_TAKER;SUBMISSION;TOMATOES;XIRECS;5006.0;2
7000;BOT_TAKER;SUBMISSION;EMERALDS;XIRECS;10007.0;3
8800;SUBMISSION;BOT_TAKER;EMERALDS;XIRECS;9993.0;7
9700;BOT_TAKER;SUBMISSION;EMERALDS;XIRECS;10007.0;7
11300;BOT_TAKER;BOT_MAKER;TOMATOES;XIRECS;5000.0;2
12300;SUBMISSION;BOT_TAKER;TOMATOES;XIRECS;4985.0;3
16500;BOT_TAKER;SUBMISSION;EMERALDS;XIRECS;10007.0;5
17000;BOT_MAKER;BOT_TAKER;TOMATOES;XIRECS;4988.0;5
17500;BOT_MAKER;BOT_TAKER;TOMATOES;XIRECS;4989.0;4
18800;BOT_MAKER;BOT_TAKER;TOMATOES;XIRECS;4992.0;5
20400;BOT_TAKER;BOT_MAKER;TOMATOES;XIRECS;5006.0;4
21800;BOT_MAKER;BOT_TAKER;TOMATOES;XIRECS;4991.0;3
22000;SUBMISSION;BOT_TAKER;EMERALDS;XIRECS;9993.0;8
24300;BOT_TAKER;SUBMISSION;EMERALDS;XIRECS;10007.0;8
24700;BOT_TAKER;SUBMISSION;TOMATOES;XIRECS;5009.0;4
25900;BOT_TAKER;BOT_MAKER;TOMATOES;XIRECS;5006.0;2
29300;BOT_TAKER;BOT_MAKER;TOMATOES;XIRECS;5004.0;2
29400;SUBMISSION;BOT_TAKER;TOMATOES;XIRECS;4991.0;5
29600;BOT_MAKER;BOT_TAKER;TOMATOES;XIRECS;4991.0;5
30800;BOT_MAKER;BOT_TAKER;TOMATOES;XIRECS;4994.0;2
31500;BOT_TAKER;SUBMISSION;EMERALDS;XIRECS;10007.0;6
31500;BOT_MAKER;BOT_TAKER;TOMATOES;XIRECS;4996.0;4
31900;SUBMISSION;BOT_TAKER;EMERALDS;XIRECS;9993.0;5
33400;BOT_TAKER;SUBMISSION;EMERALDS;XIRECS;10007.0;3
33600;BOT_MAKER;BOT_TAKER;TOMATOES;XIRECS;4997.0;3
34000;BOT_TAKER;BOT_MAKER;TOMATOES;XIRECS;5010.0;3
34900;SUBMISSION;BOT_TAKER;EMERALDS;XIRECS;9993.0;6
35100;BOT_TAKER;BOT_MAKER;TOMATOES;XIRECS;5009.0;2
36300;BOT_MAKER;BOT_TAKER;TOMATOES;XIRECS;4998.0;5
37200;SUBMISSION;BOT_TAKER;EMERALDS;XIRECS;9993.0;5
39500;SUBMISSION;BOT_TAKER;EMERALDS;XIRECS;9993.0;5
42400;SUBMISSION;BOT_TAKER;EMERALDS;XIRECS;9993.0;8
44200;BOT_TAKER;SUBMISSION;TOMATOES;XIRECS;5009.0;5
44800;SUBMISSION;BOT;TOMATOES;XIRECS;5002.0;12
46400;BOT_MAKER;BOT_TAKER;TOMATOES;XIRECS;5000.0;2
48200;BOT_MAKER;BOT_TAKER;TOMATOES;XIRECS;5000.0;5
48500;BOT_TAKER;SUBMISSION;TOMATOES;XIRECS;5014.0;3
49000;BOT_MAKER;BOT_TAKER;TOMATOES;XIRECS;5002.0;5
50400;BOT_TAKER;SUBMISSION;EMERALDS;XIRECS;10007.0;7
54200;SUBMISSION;BOT_TAKER;EMERALDS;XIRECS;9993.0;4
55800;BOT_TAKER;BOT_MAKER;TOMATOES;XIRECS;5022.0;4
55900;BOT_TAKER;BOT_MAKER;TOMATOES;XIRECS;5021.0;4
56200;SUBMISSION;BOT_TAKER;EMERALDS;XIRECS;9993.0;3
57300;BOT_MAKER;BOT_TAKER;TOMATOES;XIRECS;5012.0;4
57500;SUBMISSION;BOT_TAKER;EMERALDS;XIRECS;9993.0;7
58200;BOT_TAKER;SUBMISSION;TOMATOES;XIRECS;5024.0;5
58800;BOT_MAKER;BOT_TAKER;TOMATOES;XIRECS;5013.0;5
59900;BOT_TAKER;SUBMISSION;EMERALDS;XIRECS;10007.0;6
61900;BOT_TAKER;BOT_MAKER;TOMATOES;XIRECS;5028.0;3
63700;BOT_MAKER;BOT_TAKER;TOMATOES;XIRECS;5011.0;2
64500;SUBMISSION;BOT_TAKER;EMERALDS;XIRECS;9993.0;7
65300;SUBMISSION;BOT_TAKER;EMERALDS;XIRECS;9993.0;3
66400;SUBMISSION;BOT_TAKER;EMERALDS;XIRECS;9993.0;6
67200;SUBMISSION;BOT_TAKER;EMERALDS;XIRECS;9993.0;5
68000;BOT_TAKER;BOT_MAKER;TOMATOES;XIRECS;5031.0;4
69000;BOT_TAKER;SUBMISSION;EMERALDS;XIRECS;10007.0;4
70600;BOT;SUBMISSION;TOMATOES;XIRECS;5026.0;12
74400;BOT_MAKER;BOT_TAKER;TOMATOES;XIRECS;5021.0;5
77000;SUBMISSION;BOT_TAKER;TOMATOES;XIRECS;5023.0;3
78500;SUBMISSION;BOT_TAKER;EMERALDS;XIRECS;9993.0;3
80600;SUBMISSION;BOT_TAKER;EMERALDS;XIRECS;9993.0;5
82800;SUBMISSION;BOT_TAKER;TOMATOES;XIRECS;5017.0;5
83000;BOT_TAKER;BOT_MAKER;TOMATOES;XIRECS;5029.0;4
83200;SUBMISSION;BOT_TAKER;EMERALDS;XIRECS;9993.0;3
84200;BOT_TAKER;SUBMISSION;TOMATOES;XIRECS;5029.0;2
85000;SUBMISSION;BOT_TAKER;EMERALDS;XIRECS;9993.0;6
86100;BOT_MAKER;BOT_TAKER;TOMATOES;XIRECS;5017.0;5
87900;BOT_MAKER;BOT_TAKER;TOMATOES;XIRECS;5018.0;3
88300;BOT_TAKER;BOT_MAKER;TOMATOES;XIRECS;5032.0;5
88500;BOT_MAKER;BOT_TAKER;TOMATOES;XIRECS;5019.0;4
88700;BOT_TAKER;SUBMISSION;EMERALDS;XIRECS;10007.0;5
88700;BOT_TAKER;SUBMISSION;TOMATOES;XIRECS;5031.0;5
93200;BOT_MAKER;BOT_TAKER;TOMATOES;XIRECS;5018.0;2
95800;BOT_TAKER;BOT_MAKER;TOMATOES;XIRECS;5027.0;5
99700;BOT_MAKER;BOT_TAKER;TOMATOES;XIRECS;5014.0;4
100900;BOT_TAKER;SUBMISSION;EMERALDS;XIRECS;10007.0;7
102000;BOT_MAKER;BOT_TAKER;TOMATOES;XIRECS;5014.0;5
107600;BOT_TAKER;SUBMISSION;EMERALDS;XIRECS;10007.0;8
108700;SUBMISSION;BOT_TAKER;EMERALDS;XIRECS;9993.0;3
109000;BOT_MAKER;BOT_TAKER;TOMATOES;XIRECS;5010.0;2
115200;BOT_MAKER;BOT_TAKER;TOMATOES;XIRECS;5005.0;4
116400;BOT_TAKER;SUBMISSION;EMERALDS;XIRECS;10007.0;6
116800;BOT_MAKER;BOT_TAKER;TOMATOES;XIRECS;5003.0;5
117400;BOT_TAKER;BOT_MAKER;TOMATOES;XIRECS;5017.0;4
117700;BOT_MAKER;BOT_TAKER;TOMATOES;XIRECS;5004.0;3
118000;BOT_MAKER;BOT_TAKER;TOMATOES;XIRECS;5002.0;5
120900;BOT_TAKER;BOT_MAKER;TOMATOES;XIRECS;5016.0;5
127400;BOT_TAKER;BOT_MAKER;TOMATOES;XIRECS;5019.0;3
127500;BOT_MAKER;BOT_TAKER;TOMATOES;XIRECS;5005.0;2
128200;BOT;SUBMISSION;TOMATOES;XIRECS;5014.0;11
130200;SUBMISSION;BOT_TAKER;TOMATOES;XIRECS;5005.0;4
133200;BOT_TAKER;SUBMISSION;EMERALDS;XIRECS;10007.0;7
136400;BOT_TAKER;SUBMISSION;EMERALDS;XIRECS;10007.0;6
136900;SUBMISSION;BOT;TOMATOES;XIRECS;5009.0;8
140700;SUBMISSION;BOT_TAKER;EMERALDS;XIRECS;9993.0;3
141300;BOT_TAKER;SUBMISSION;EMERALDS;XIRECS;10007.0;7
143000;BOT_MAKER;BOT_TAKER;TOMATOES;XIRECS;5012.0;2
144000;BOT_MAKER;BOT_TAKER;TOMATOES;XIRECS;5006.0;5
145100;BOT_MAKER;BOT_TAKER;TOMATOES;XIRECS;5007.0;3
146000;SUBMISSION;BOT_TAKER;EMERALDS;XIRECS;9993.0;5
150000;BOT_TAKER;BOT_MAKER;TOMATOES;XIRECS;5020.0;3
154900;SUBMISSION;BOT_TAKER;TOMATOES;XIRECS;5010.0;4
155000;BOT_TAKER;BOT_MAKER;TOMATOES;XIRECS;5022.0;5
157200;BOT_TAKER;SUBMISSION;EMERALDS;XIRECS;10007.0;7
157200;SUBMISSION;BOT_TAKER;TOMATOES;XIRECS;5010.0;3
158900;BOT_TAKER;BOT_MAKER;TOMATOES;XIRECS;5023.0;5
159500;BOT_TAKER;SUBMISSION;EMERALDS;XIRECS;10007.0;8
159900;BOT_MAKER;BOT_TAKER;TOMATOES;XIRECS;5009.0;4
162600;SUBMISSION;BOT;TOMATOES;XIRECS;5019.0;7
165700;BOT_TAKER;BOT_MAKER;TOMATOES;XIRECS;5028.0;2
166000;BOT_TAKER;SUBMISSION;EMERALDS;XIRECS;10007.0;7
166100;BOT_TAKER;BOT_MAKER;TOMATOES;XIRECS;5027.0;5
170100;BOT_MAKER;BOT_TAKER;TOMATOES;XIRECS;5014.0;2
170500;SUBMISSION;BOT_TAKER;TOMATOES;XIRECS;5015.0;3
170900;SUBMISSION;BOT;TOMATOES;XIRECS;5019.0;5
171300;BOT_MAKER;BOT_TAKER;TOMATOES;XIRECS;5013.0;5
172000;BOT_MAKER;BOT_TAKER;TOMATOES;XIRECS;5013.0;5
176800;BOT_MAKER;BOT_TAKER;TOMATOES;XIRECS;5017.0;4
179000;BOT_TAKER;SUBMISSION;TOMATOES;XIRECS;5030.0;5
181500;BOT_TAKER;BOT_MAKER;TOMATOES;XIRECS;5030.0;4
182000;BOT_TAKER;SUBMISSION;TOMATOES;XIRECS;5030.0;4
184500;BOT;SUBMISSION;TOMATOES;XIRECS;5024.0;12
186000;SUBMISSION;BOT;TOMATOES;XIRECS;5022.0;12
187600;BOT_MAKER;BOT_TAKER;TOMATOES;XIRECS;5018.0;2
188400;BOT_TAKER;BOT_MAKER;TOMATOES;XIRECS;5032.0;4
191200;BOT_TAKER;BOT_MAKER;TOMATOES;XIRECS;5033.0;5
191900;SUBMISSION;BOT_TAKER;EMERALDS;XIRECS;9993.0;6
192800;BOT_TAKER;BOT_MAKER;TOMATOES;XIRECS;5033.0;4
193700;BOT_TAKER;BOT_MAKER;TOMATOES;XIRECS;5031.0;3
197700;BOT_TAKER;BOT_MAKER;TOMATOES;XIRECS;5029.0;2
198600;BOT_TAKER;SUBMISSION;EMERALDS;XIRECS;10007.0;5
205000;BOT_TAKER;SUBMISSION;TOMATOES;XIRECS;5030.0;4
205700;BOT_MAKER;BOT_TAKER;TOMATOES;XIRECS;5015.0;2
206600;BOT_TAKER;BOT_MAKER;TOMATOES;XIRECS;5025.0;4
210200;BOT_MAKER;BOT_TAKER;TOMATOES;XIRECS;5016.0;3
211100;BOT_TAKER;BOT_MAKER;TOMATOES;XIRECS;5032.0;4
213700;BOT_TAKER;SUBMISSION;TOMATOES;XIRECS;5033.0;4
217100;BOT_TAKER;SUBMISSION;EMERALDS;XIRECS;10007.0;3
219300;BOT_MAKER;BOT_TAKER;TOMATOES;XIRECS;5026.0;5
224300;SUBMISSION;BOT;TOMATOES;XIRECS;5032.0;10
224300;BOT_TAKER;SUBMISSION;TOMATOES;XIRECS;5035.0;4
229600;BOT_TAKER;SUBMISSION;EMERALDS;XIRECS;10007.0;8
231200;BOT_MAKER;BOT_TAKER;TOMATOES;XIRECS;5026.0;2
232400;BOT_TAKER;SUBMISSION;EMERALDS;XIRECS;10007.0;8
232400;BOT_TAKER;BOT_MAKER;TOMATOES;XIRECS;5039.0;4
235400;BOT_TAKER;SUBMISSION;EMERALDS;XIRECS;10007.0;7
237000;BOT_TAKER;BOT_MAKER;TOMATOES;XIRECS;5039.0;4
237200;BOT_TAKER;SUBMISSION;EMERALDS;XIRECS;10007.0;3
237300;SUBMISSION;BOT_TAKER;EMERALDS;XIRECS;9993.0;4
237600;BOT_TAKER;BOT_MAKER;TOMATOES;XIRECS;5037.0;3
238900;SUBMISSION;BOT_TAKER;TOMATOES;XIRECS;5024.0;3
239400;BOT_TAKER;SUBMISSION;EMERALDS;XIRECS;10007.0;3
244100;BOT_TAKER;BOT_MAKER;TOMATOES;XIRECS;5040.0;2
249200;BOT_MAKER;BOT_TAKER;TOMATOES;XIRECS;5027.0;3
249500;BOT_TAKER;SUBMISSION;TOMATOES;XIRECS;5041.0;2
250800;SUBMISSION;BOT;TOMATOES;XIRECS;5036.0;6
251600;BOT_TAKER;BOT_MAKER;TOMATOES;XIRECS;5042.0;2
252700;SUBMISSION;BOT_TAKER;EMERALDS;XIRECS;9993.0;6
253600;BOT_TAKER;BOT_MAKER;TOMATOES;XIRECS;5037.0;5
255300;BOT_MAKER;BOT_TAKER;TOMATOES;XIRECS;5024.0;4
256100;BOT_MAKER;BOT_TAKER;TOMATOES;XIRECS;5024.0;4
258600;BOT_TAKER;BOT_MAKER;TOMATOES;XIRECS;5034.0;4
260700;SUBMISSION;BOT;TOMATOES;XIRECS;5024.0;5
260700;SUBMISSION;BOT_TAKER;EMERALDS;XIRECS;9993.0;4
261600;BOT_MAKER;BOT_TAKER;TOMATOES;XIRECS;5019.0;2
262000;BOT_MAKER;BOT_TAKER;TOMATOES;XIRECS;5019.0;3
263500;BOT_TAKER;SUBMISSION;EMERALDS;XIRECS;10007.0;8
263800;SUBMISSION;BOT_TAKER;EMERALDS;XIRECS;9993.0;8
267800;BOT_TAKER;SUBMISSION;EMERALDS;XIRECS;10007.0;4
270200;SUBMISSION;BOT_TAKER;EMERALDS;XIRECS;10001.0;6
270400;BOT_TAKER;SUBMISSION;EMERALDS;XIRECS;10007.0;4
270900;BOT_TAKER;SUBMISSION;TOMATOES;XIRECS;5027.0;4
271800;SUBMISSION;BOT_TAKER;EMERALDS;XIRECS;9993.0;3
272600;BOT_TAKER;BOT_MAKER;TOMATOES;XIRECS;5028.0;5
275000;BOT_TAKER;BOT_MAKER;TOMATOES;XIRECS;5026.0;3
275300;BOT_TAKER;SUBMISSION;EMERALDS;XIRECS;10007.0;4
280700;SUBMISSION;BOT_TAKER;EMERALDS;XIRECS;9993.0;8
283600;BOT_MAKER;BOT_TAKER;TOMATOES;XIRECS;5019.0;2
288200;BOT_TAKER;SUBMISSION;EMERALDS;XIRECS;10007.0;4
288500;BOT_TAKER;BOT_MAKER;TOMATOES;XIRECS;5034.0;2
288900;SUBMISSION;BOT_TAKER;EMERALDS;XIRECS;9993.0;5
289700;SUBMISSION;BOT_TAKER;EMERALDS;XIRECS;9993.0;6
290800;BOT_TAKER;SUBMISSION;EMERALDS;XIRECS;10007.0;8
291900;BOT_TAKER;BOT_MAKER;TOMATOES;XIRECS;5036.0;3
294400;BOT_TAKER;SUBMISSION;TOMATOES;XIRECS;5036.0;2
294500;BOT;SUBMISSION;TOMATOES;XIRECS;5031.0;9
297200;BOT_TAKER;SUBMISSION;EMERALDS;XIRECS;10007.0;8
298800;BOT_TAKER;BOT_MAKER;TOMATOES;XIRECS;5035.0;5
299000;BOT_TAKER;SUBMISSION;TOMATOES;XIRECS;5035.0;3
299200;BOT_TAKER;BOT_MAKER;TOMATOES;XIRECS;5037.0;2
301600;BOT_MAKER;BOT_TAKER;TOMATOES;XIRECS;5022.0;4
302500;BOT_TAKER;SUBMISSION;EMERALDS;XIRECS;10007.0;6
302500;SUBMISSION;BOT_TAKER;TOMATOES;XIRECS;5022.0;4
304900;BOT_MAKER;BOT_TAKER;TOMATOES;XIRECS;5020.0;4
305200;SUBMISSION;BOT_TAKER;EMERALDS;XIRECS;9993.0;5
305200;BOT_MAKER;BOT_TAKER;TOMATOES;XIRECS;5019.0;3
305500;SUBMISSION;BOT_TAKER;EMERALDS;XIRECS;9993.0;5
308300;BOT_TAKER;SUBMISSION;EMERALDS;XIRECS;10007.0;5
309000;BOT_TAKER;BOT_MAKER;TOMATOES;XIRECS;5027.0;3
309000;BOT_TAKER;BOT_MAKER;TOMATOES;XIRECS;5033.0;2
310400;SUBMISSION;BOT_TAKER;TOMATOES;XIRECS;5017.0;3
314300;BOT_MAKER;BOT_TAKER;TOMATOES;XIRECS;5012.0;4
315800;BOT_TAKER;BOT_MAKER;TOMATOES;XIRECS;5024.0;5
318000;SUBMISSION;BOT_TAKER;EMERALDS;XIRECS;9993.0;6
318100;BOT;SUBMISSION;TOMATOES;XIRECS;5018.0;5
318300;BOT_TAKER;SUBMISSION;EMERALDS;XIRECS;10007.0;5
318500;BOT_MAKER;BOT_TAKER;TOMATOES;XIRECS;5011.0;5
318600;BOT_MAKER;BOT_TAKER;TOMATOES;XIRECS;5011.0;3
319900;BOT_TAKER;SUBMISSION;EMERALDS;XIRECS;10007.0;8
321500;BOT_TAKER;SUBMISSION;TOMATOES;XIRECS;5023.0;3
322000;BOT_MAKER;BOT_TAKER;TOMATOES;XIRECS;5011.0;2
322100;BOT_TAKER;BOT_MAKER;TOMATOES;XIRECS;5019.0;2
323000;SUBMISSION;BOT;TOMATOES;XIRECS;5016.0;9
323400;SUBMISSION;BOT_TAKER;TOMATOES;XIRECS;5012.0;5
324800;SUBMISSION;BOT_TAKER;EMERALDS;XIRECS;9993.0;3
330000;SUBMISSION;BOT_TAKER;EMERALDS;XIRECS;9993.0;3
332300;BOT_TAKER;SUBMISSION;TOMATOES;XIRECS;5020.0;3
334700;BOT_TAKER;BOT_MAKER;TOMATOES;XIRECS;5023.0;5
337400;BOT_MAKER;BOT_TAKER;TOMATOES;XIRECS;5011.0;3
340000;BOT_TAKER;BOT_MAKER;TOMATOES;XIRECS;5027.0;4
342500;BOT_MAKER;BOT_TAKER;TOMATOES;XIRECS;5015.0;2
344600;SUBMISSION;BOT;TOMATOES;XIRECS;5020.0;9
346700;BOT_TAKER;SUBMISSION;EMERALDS;XIRECS;10007.0;3
346700;BOT_TAKER;BOT_MAKER;TOMATOES;XIRECS;5026.0;3
347400;BOT_TAKER;SUBMISSION;TOMATOES;XIRECS;5024.0;5
347700;SUBMISSION;BOT_TAKER;TOMATOES;XIRECS;5012.0;5
351800;BOT_TAKER;SUBMISSION;EMERALDS;XIRECS;10007.0;7
354800;BOT_MAKER;BOT_TAKER;TOMATOES;XIRECS;5010.0;3
355000;BOT_MAKER;BOT_TAKER;TOMATOES;XIRECS;5009.0;5
355300;BOT_MAKER;BOT_TAKER;TOMATOES;XIRECS;5009.0;3
356500;BOT_TAKER;SUBMISSION;EMERALDS;XIRECS;10007.0;8
358200;BOT_TAKER;BOT_MAKER;TOMATOES;XIRECS;5025.0;5
358700;BOT_TAKER;SUBMISSION;TOMATOES;XIRECS;5024.0;4
360000;BOT_TAKER;BOT_MAKER;TOMATOES;XIRECS;5023.0;5
362100;BOT_MAKER;BOT_TAKER;TOMATOES;XIRECS;5012.0;2
363500;BOT_TAKER;BOT_MAKER;TOMATOES;XIRECS;5024.0;4
364200;BOT;SUBMISSION;TOMATOES;XIRECS;5018.0;8
366400;BOT_TAKER;SUBMISSION;EMERALDS;XIRECS;10007.0;8
366900;SUBMISSION;BOT_TAKER;TOMATOES;XIRECS;5018.0;5
368100;BOT_TAKER;BOT_MAKER;TOMATOES;XIRECS;5030.0;2
369600;BOT;SUBMISSION;TOMATOES;XIRECS;5026.0;7
372200;BOT_TAKER;SUBMISSION;EMERALDS;XIRECS;10007.0;3
372800;BOT_TAKER;SUBMISSION;EMERALDS;XIRECS;10007.0;7
373300;SUBMISSION;BOT_TAKER;EMERALDS;XIRECS;9993.0;5
373800;BOT_TAKER;BOT_MAKER;TOMATOES;XIRECS;5031.0;5
375000;SUBMISSION;BOT_TAKER;EMERALDS;XIRECS;9993.0;6
375500;BOT;SUBMISSION;TOMATOES;XIRECS;5025.0;12
376500;SUBMISSION;BOT_TAKER;EMERALDS;XIRECS;9993.0;6
379800;BOT_TAKER;BOT_MAKER;TOMATOES;XIRECS;5031.0;5
381300;SUBMISSION;BOT_TAKER;EMERALDS;XIRECS;9993.0;4
385900;BOT;SUBMISSION;TOMATOES;XIRECS;5023.0;6
386300;BOT_TAKER;SUBMISSION;EMERALDS;XIRECS;10007.0;7
386600;BOT_TAKER;BOT_MAKER;TOMATOES;XIRECS;5028.0;2
389100;SUBMISSION;BOT_TAKER;TOMATOES;XIRECS;5018.0;3
390400;SUBMISSION;BOT_TAKER;TOMATOES;XIRECS;5014.0;3
391300;SUBMISSION;BOT_TAKER;TOMATOES;XIRECS;5012.0;3
391900;SUBMISSION;BOT_TAKER;EMERALDS;XIRECS;9993.0;5
392800;BOT_TAKER;SUBMISSION;TOMATOES;XIRECS;5025.0;4
393300;BOT_MAKER;BOT_TAKER;TOMATOES;XIRECS;5013.0;2
394300;BOT_TAKER;BOT_MAKER;TOMATOES;XIRECS;5027.0;3
394900;BOT_MAKER;BOT_TAKER;TOMATOES;XIRECS;5016.0;3
395900;SUBMISSION;BOT;TOMATOES;XIRECS;5022.0;10
397200;BOT_TAKER;SUBMISSION;EMERALDS;XIRECS;10007.0;8
398900;BOT_MAKER;BOT_TAKER;TOMATOES;XIRECS;5014.0;3
399700;BOT_TAKER;SUBMISSION;EMERALDS;XIRECS;10007.0;7
407200;SUBMISSION;BOT_TAKER;EMERALDS;XIRECS;9993.0;4
407500;SUBMISSION;BOT_TAKER;TOMATOES;XIRECS;5027.0;2
408100;BOT_TAKER;SUBMISSION;EMERALDS;XIRECS;10007.0;8
410000;BOT;SUBMISSION;TOMATOES;XIRECS;5033.0;6
410000;BOT_TAKER;SUBMISSION;TOMATOES;XIRECS;5035.0;2
410900;BOT_TAKER;BOT_MAKER;TOMATOES;XIRECS;5039.0;2
411100;SUBMISSION;BOT_TAKER;EMERALDS;XIRECS;9993.0;6
412600;BOT_TAKER;SUBMISSION;EMERALDS;XIRECS;10007.0;8
413000;BOT_TAKER;SUBMISSION;EMERALDS;XIRECS;10007.0;7
413000;BOT_TAKER;BOT_MAKER;EMERALDS;XIRECS;10008.0;1
413000;BOT_MAKER;BOT_TAKER;TOMATOES;XIRECS;5024.0;2
417800;BOT_TAKER;BOT_MAKER;TOMATOES;XIRECS;5040.0;2
419700;SUBMISSION;BOT_TAKER;EMERALDS;XIRECS;9993.0;6
422900;BOT_TAKER;SUBMISSION;EMERALDS;XIRECS;10007.0;6
423600;SUBMISSION;BOT_TAKER;EMERALDS;XIRECS;9993.0;7
426900;BOT_TAKER;BOT_MAKER;TOMATOES;XIRECS;5041.0;5
427400;BOT_MAKER;BOT_TAKER;TOMATOES;XIRECS;5028.0;3
432100;BOT_MAKER;BOT_TAKER;TOMATOES;XIRECS;5035.0;4
437500;SUBMISSION;BOT_TAKER;EMERALDS;XIRECS;9993.0;3
439100;BOT_TAKER;SUBMISSION;EMERALDS;XIRECS;10007.0;3
439700;BOT_TAKER;SUBMISSION;TOMATOES;XIRECS;5041.0;5
441200;SUBMISSION;BOT_TAKER;TOMATOES;XIRECS;5028.0;4
442800;BOT_MAKER;BOT_TAKER;TOMATOES;XIRECS;5027.0;3
444900;SUBMISSION;BOT_TAKER;EMERALDS;XIRECS;9993.0;5
447800;SUBMISSION;BOT_TAKER;EMERALDS;XIRECS;9993.0;4
448300;BOT_TAKER;SUBMISSION;EMERALDS;XIRECS;10007.0;7
452100;BOT_TAKER;BOT_MAKER;TOMATOES;XIRECS;5033.0;2
454000;SUBMISSION;BOT_TAKER;EMERALDS;XIRECS;9993.0;5
454000;BOT_MAKER;BOT_TAKER;TOMATOES;XIRECS;5018.0;4
454600;BOT_TAKER;BOT_MAKER;TOMATOES;XIRECS;5031.0;5
458000;BOT_TAKER;BOT_MAKER;TOMATOES;XIRECS;5027.0;3
459300;BOT_TAKER;SUBMISSION;EMERALDS;XIRECS;10007.0;5
459500;BOT_MAKER;BOT_TAKER;TOMATOES;XIRECS;5017.0;5
459800;BOT_TAKER;SUBMISSION;EMERALDS;XIRECS;10007.0;5
461700;BOT_MAKER;BOT_TAKER;TOMATOES;XIRECS;5017.0;4
463200;BOT_TAKER;SUBMISSION;EMERALDS;XIRECS;10007.0;4
463200;BOT_TAKER;BOT_MAKER;EMERALDS;XIRECS;10008.0;2
466800;BOT_TAKER;BOT_MAKER;TOMATOES;XIRECS;5030.0;5
475200;BOT_TAKER;BOT_MAKER;TOMATOES;XIRECS;5027.0;2
475800;SUBMISSION;BOT_TAKER;TOMATOES;XIRECS;5015.0;3
476900;SUBMISSION;BOT_TAKER;EMERALDS;XIRECS;9993.0;5
478300;BOT_TAKER;BOT_MAKER;TOMATOES;XIRECS;5025.0;4
481900;BOT_TAKER;SUBMISSION;EMERALDS;XIRECS;10007.0;5
481900;BOT_TAKER;BOT_MAKER;EMERALDS;XIRECS;10008.0;3
483000;BOT_TAKER;BOT_MAKER;TOMATOES;XIRECS;5025.0;4
484100;BOT_MAKER;BOT_TAKER;TOMATOES;XIRECS;5013.0;2
484200;BOT_MAKER;BOT_TAKER;TOMATOES;XIRECS;5012.0;3
484300;BOT_TAKER;BOT_MAKER;TOMATOES;XIRECS;5025.0;4
485100;SUBMISSION;BOT_TAKER;TOMATOES;XIRECS;5011.0;5
488100;BOT_TAKER;BOT_MAKER;EMERALDS;XIRECS;10008.0;5
492200;SUBMISSION;BOT;TOMATOES;XIRECS;5025.0;6
492600;SUBMISSION;BOT;TOMATOES;XIRECS;5025.0;12
494100;BOT_MAKER;BOT_TAKER;TOMATOES;XIRECS;5023.0;3
496000;BOT_MAKER;BOT_TAKER;TOMATOES;XIRECS;5019.0;4
496300;BOT_TAKER;BOT_MAKER;EMERALDS;XIRECS;10008.0;6
497500;BOT_MAKER;BOT_TAKER;TOMATOES;XIRECS;5018.0;4
501400;BOT_MAKER;BOT_TAKER;TOMATOES;XIRECS;5026.0;3
503100;BOT_TAKER;BOT_MAKER;TOMATOES;XIRECS;5027.0;3
504500;SUBMISSION;BOT_TAKER;EMERALDS;XIRECS;9993.0;4
504900;BOT_TAKER;BOT_MAKER;TOMATOES;XIRECS;5035.0;2
505400;SUBMISSION;BOT_TAKER;EMERALDS;XIRECS;9993.0;6
505400;BOT_TAKER;BOT_MAKER;TOMATOES;XIRECS;5034.0;4
506200;BOT_TAKER;BOT_MAKER;TOMATOES;XIRECS;5034.0;2
506300;SUBMISSION;BOT_TAKER;EMERALDS;XIRECS;9993.0;8
507900;SUBMISSION;BOT_TAKER;EMERALDS;XIRECS;9993.0;4
507900;BOT_MAKER;BOT_TAKER;TOMATOES;XIRECS;5026.0;3
508300;BOT_TAKER;SUBMISSION;TOMATOES;XIRECS;5030.0;3
509100;BOT_MAKER;BOT_TAKER;TOMATOES;XIRECS;5017.0;5
509200;BOT_TAKER;SUBMISSION;TOMATOES;XIRECS;5029.0;2
509700;SUBMISSION;BOT_TAKER;EMERALDS;XIRECS;9993.0;7
511300;BOT_TAKER;SUBMISSION;EMERALDS;XIRECS;10007.0;8
514000;SUBMISSION;BOT_TAKER;EMERALDS;XIRECS;9993.0;4
515200;BOT_TAKER;SUBMISSION;TOMATOES;XIRECS;5035.0;4
515800;BOT_MAKER;BOT_TAKER;TOMATOES;XIRECS;5023.0;3
517600;BOT_TAKER;SUBMISSION;TOMATOES;XIRECS;5037.0;5
518200;BOT_MAKER;BOT_TAKER;TOMATOES;XIRECS;5025.0;2
518300;SUBMISSION;BOT_TAKER;TOMATOES;XIRECS;5026.0;2
519300;SUBMISSION;BOT_TAKER;EMERALDS;XIRECS;9993.0;7
519600;BOT_TAKER;BOT_MAKER;TOMATOES;XIRECS;5029.0;2
520200;BOT_MAKER;BOT_TAKER;TOMATOES;XIRECS;5023.0;2
521500;SUBMISSION;BOT_TAKER;EMERALDS;XIRECS;9993.0;4
524900;BOT_TAKER;SUBMISSION;EMERALDS;XIRECS;10007.0;8
525600;BOT_MAKER;BOT_TAKER;TOMATOES;XIRECS;5026.0;3
528000;BOT_TAKER;SUBMISSION;TOMATOES;XIRECS;5039.0;5
528100;BOT_TAKER;SUBMISSION;EMERALDS;XIRECS;10007.0;5
529500;BOT_TAKER;SUBMISSION;EMERALDS;XIRECS;10007.0;6
530000;BOT_TAKER;SUBMISSION;EMERALDS;XIRECS;10007.0;6
530900;SUBMISSION;BOT_TAKER;EMERALDS;XIRECS;9993.0;8
536700;BOT_TAKER;BOT_MAKER;TOMATOES;XIRECS;5036.0;5
537100;BOT_TAKER;BOT_MAKER;TOMATOES;XIRECS;5037.0;3
538700;SUBMISSION;BOT_TAKER;EMERALDS;XIRECS;9993.0;4
540300;BOT_TAKER;SUBMISSION;TOMATOES;XIRECS;5036.0;3
541700;BOT_TAKER;BOT_MAKER;TOMATOES;XIRECS;5040.0;3
544600;BOT_TAKER;SUBMISSION;EMERALDS;XIRECS;10007.0;8
546200;BOT_TAKER;BOT_MAKER;TOMATOES;XIRECS;5036.0;4
546900;SUBMISSION;BOT_TAKER;EMERALDS;XIRECS;9993.0;4
549800;BOT_TAKER;SUBMISSION;TOMATOES;XIRECS;5038.0;3
551200;BOT_MAKER;BOT_TAKER;TOMATOES;XIRECS;5027.0;2
551800;BOT_TAKER;BOT_MAKER;TOMATOES;XIRECS;5041.0;3
552300;BOT_TAKER;SUBMISSION;TOMATOES;XIRECS;5040.0;5
552800;SUBMISSION;BOT_TAKER;EMERALDS;XIRECS;9993.0;4
552800;BOT_MAKER;BOT_TAKER;TOMATOES;XIRECS;5029.0;5
553200;SUBMISSION;BOT_TAKER;EMERALDS;XIRECS;9993.0;5
553400;BOT_TAKER;SUBMISSION;EMERALDS;XIRECS;10007.0;4
557400;BOT_TAKER;BOT_MAKER;TOMATOES;XIRECS;5043.0;2
558300;SUBMISSION;BOT_TAKER;EMERALDS;XIRECS;9993.0;6
558600;BOT_TAKER;BOT_MAKER;TOMATOES;XIRECS;5043.0;5
559100;BOT_TAKER;BOT_MAKER;TOMATOES;XIRECS;5044.0;2
560700;BOT_MAKER;BOT_TAKER;TOMATOES;XIRECS;5029.0;2
561200;BOT_TAKER;BOT_MAKER;TOMATOES;XIRECS;5042.0;4
562000;BOT;SUBMISSION;TOMATOES;XIRECS;5036.0;9
563700;BOT_TAKER;BOT_MAKER;TOMATOES;XIRECS;5042.0;2
566300;BOT_TAKER;BOT_MAKER;TOMATOES;XIRECS;5041.0;5
566600;SUBMISSION;BOT_TAKER;EMERALDS;XIRECS;9993.0;7
569600;BOT_MAKER;BOT_TAKER;TOMATOES;XIRECS;5029.0;2
569800;BOT_TAKER;BOT_MAKER;TOMATOES;XIRECS;5041.0;2
577700;BOT_TAKER;BOT_MAKER;TOMATOES;XIRECS;5037.0;5
578600;SUBMISSION;BOT_TAKER;TOMATOES;XIRECS;5025.0;4
581800;BOT_TAKER;BOT_MAKER;TOMATOES;XIRECS;5038.0;3
583800;BOT_MAKER;BOT_TAKER;TOMATOES;XIRECS;5021.0;2
588700;SUBMISSION;BOT;TOMATOES;XIRECS;5027.0;6
591200;BOT_MAKER;BOT_TAKER;TOMATOES;XIRECS;5023.0;2
594400;BOT_TAKER;BOT_MAKER;TOMATOES;XIRECS;5032.0;3
595900;SUBMISSION;BOT;TOMATOES;XIRECS;5023.0;10
595900;BOT_TAKER;SUBMISSION;TOMATOES;XIRECS;5025.0;2
596500;BOT_MAKER;BOT_TAKER;TOMATOES;XIRECS;5020.0;2
596800;BOT_TAKER;SUBMISSION;EMERALDS;XIRECS;10007.0;8
597100;SUBMISSION;BOT_TAKER;EMERALDS;XIRECS;9993.0;4
597300;BOT_MAKER;BOT_TAKER;TOMATOES;XIRECS;5020.0;3
601800;SUBMISSION;BOT_TAKER;EMERALDS;XIRECS;9993.0;5
604600;BOT_MAKER;BOT_TAKER;TOMATOES;XIRECS;5019.0;2
607300;BOT_TAKER;BOT_MAKER;TOMATOES;XIRECS;5034.0;5
607600;BOT_MAKER;BOT_TAKER;TOMATOES;XIRECS;5020.0;5
608500;SUBMISSION;BOT_TAKER;TOMATOES;XIRECS;5020.0;3
609500;BOT_MAKER;BOT_TAKER;TOMATOES;XIRECS;5017.0;3
614000;BOT_MAKER;BOT_TAKER;TOMATOES;XIRECS;5020.0;4
617400;BOT_TAKER;BOT_MAKER;TOMATOES;XIRECS;5034.0;3
620400;SUBMISSION;BOT_TAKER;TOMATOES;XIRECS;5024.0;3
621000;BOT_TAKER;SUBMISSION;TOMATOES;XIRECS;5037.0;3
621600;BOT_TAKER;BOT_MAKER;TOMATOES;XIRECS;5038.0;2
623000;BOT_TAKER;SUBMISSION;EMERALDS;XIRECS;10007.0;7
623800;SUBMISSION;BOT_TAKER;EMERALDS;XIRECS;9993.0;5
624400;SUBMISSION;BOT_TAKER;EMERALDS;XIRECS;9993.0;4
625800;BOT_TAKER;SUBMISSION;EMERALDS;XIRECS;10007.0;6
634600;SUBMISSION;BOT_TAKER;TOMATOES;XIRECS;5015.0;5
634900;BOT_MAKER;BOT_TAKER;TOMATOES;XIRECS;5013.0;2
638100;BOT_TAKER;SUBMISSION;TOMATOES;XIRECS;5022.0;4
638200;SUBMISSION;BOT;TOMATOES;XIRECS;5015.0;12
638900;BOT_TAKER;SUBMISSION;EMERALDS;XIRECS;10007.0;8
641300;BOT_MAKER;BOT_TAKER;TOMATOES;XIRECS;5009.0;3
641600;SUBMISSION;BOT_TAKER;TOMATOES;XIRECS;5004.0;5
642100;BOT_MAKER;BOT_TAKER;TOMATOES;XIRECS;5002.0;3
646200;SUBMISSION;BOT;TOMATOES;XIRECS;5006.0;5
646300;BOT_MAKER;BOT_TAKER;TOMATOES;XIRECS;5001.0;5
648400;BOT;SUBMISSION;TOMATOES;XIRECS;5010.0;6
648600;BOT_TAKER;BOT_MAKER;TOMATOES;XIRECS;5016.0;3
650700;BOT_TAKER;SUBMISSION;EMERALDS;XIRECS;10007.0;3
654800;BOT;SUBMISSION;TOMATOES;XIRECS;5012.0;7
655800;BOT_MAKER;BOT_TAKER;TOMATOES;XIRECS;5003.0;3
656700;BOT_TAKER;SUBMISSION;TOMATOES;XIRECS;5017.0;5
656900;BOT_MAKER;BOT_TAKER;TOMATOES;XIRECS;5005.0;3
657600;SUBMISSION;BOT_TAKER;EMERALDS;XIRECS;9993.0;5
659900;BOT_TAKER;BOT_MAKER;TOMATOES;XIRECS;5021.0;4
663900;BOT_TAKER;BOT_MAKER;TOMATOES;XIRECS;5017.0;5
669300;BOT_TAKER;SUBMISSION;EMERALDS;XIRECS;10007.0;5
669600;BOT_TAKER;BOT_MAKER;TOMATOES;XIRECS;5015.0;5
670000;BOT;SUBMISSION;TOMATOES;XIRECS;5010.0;11
671000;SUBMISSION;BOT_TAKER;TOMATOES;XIRECS;5002.0;5
671900;SUBMISSION;BOT_TAKER;EMERALDS;XIRECS;9993.0;7
673100;SUBMISSION;BOT_TAKER;EMERALDS;XIRECS;9993.0;5
673400;BOT_TAKER;SUBMISSION;EMERALDS;XIRECS;10007.0;3
674400;BOT_TAKER;SUBMISSION;EMERALDS;XIRECS;10007.0;3
675600;SUBMISSION;BOT_TAKER;EMERALDS;XIRECS;9993.0;6
676500;BOT_TAKER;SUBMISSION;EMERALDS;XIRECS;10007.0;5
677400;BOT_TAKER;SUBMISSION;EMERALDS;XIRECS;10007.0;3
677700;BOT_MAKER;BOT_TAKER;TOMATOES;XIRECS;5006.0;3
677700;BOT_MAKER;BOT_TAKER;TOMATOES;XIRECS;5001.0;1
678500;BOT;SUBMISSION;TOMATOES;XIRECS;5009.0;8
678500;BOT_TAKER;SUBMISSION;EMERALDS;XIRECS;10007.0;3
678600;SUBMISSION;BOT_TAKER;EMERALDS;XIRECS;9993.0;4
680600;BOT_TAKER;SUBMISSION;EMERALDS;XIRECS;10007.0;8
681800;BOT_TAKER;SUBMISSION;EMERALDS;XIRECS;10007.0;5
682100;BOT_TAKER;BOT_MAKER;TOMATOES;XIRECS;5012.0;3
682700;SUBMISSION;BOT_TAKER;TOMATOES;XIRECS;4999.0;2
686300;BOT_MAKER;BOT_TAKER;TOMATOES;XIRECS;5000.0;2
689500;BOT_TAKER;BOT_MAKER;TOMATOES;XIRECS;5012.0;3
689700;SUBMISSION;BOT_TAKER;EMERALDS;XIRECS;9993.0;3
690400;BOT_TAKER;SUBMISSION;EMERALDS;XIRECS;10007.0;4
690500;SUBMISSION;BOT_TAKER;EMERALDS;XIRECS;9993.0;3
692600;SUBMISSION;BOT_TAKER;EMERALDS;XIRECS;9993.0;7
693000;BOT_TAKER;BOT_MAKER;TOMATOES;XIRECS;5010.0;5
697700;BOT_MAKER;BOT_TAKER;TOMATOES;XIRECS;4997.0;3
699200;BOT_MAKER;BOT_TAKER;TOMATOES;XIRECS;4999.0;5
699400;BOT;SUBMISSION;TOMATOES;XIRECS;5007.0;12
705700;BOT_TAKER;BOT_MAKER;TOMATOES;XIRECS;5019.0;4
706200;BOT_TAKER;BOT_MAKER;TOMATOES;XIRECS;5021.0;3
706300;BOT_TAKER;BOT_MAKER;TOMATOES;XIRECS;5022.0;2
708100;BOT_TAKER;SUBMISSION;EMERALDS;XIRECS;10007.0;6
708600;SUBMISSION;BOT_TAKER;EMERALDS;XIRECS;9993.0;8
710600;BOT_TAKER;SUBMISSION;EMERALDS;XIRECS;10007.0;4
712000;BOT_TAKER;BOT_MAKER;TOMATOES;XIRECS;5019.0;4
713000;BOT_MAKER;BOT_TAKER;TOMATOES;XIRECS;5006.0;5
713800;SUBMISSION;BOT_TAKER;TOMATOES;XIRECS;5005.0;3
715000;SUBMISSION;BOT_TAKER;TOMATOES;XIRECS;5004.0;2
715900;BOT_TAKER;BOT_MAKER;TOMATOES;XIRECS;5019.0;2
716900;SUBMISSION;BOT_TAKER;TOMATOES;XIRECS;5009.0;3
717500;BOT_MAKER;BOT_TAKER;TOMATOES;XIRECS;5009.0;5
718100;BOT_MAKER;BOT_TAKER;TOMATOES;XIRECS;5007.0;2
719100;BOT_TAKER;SUBMISSION;EMERALDS;XIRECS;10007.0;8
720300;BOT_TAKER;BOT_MAKER;TOMATOES;XIRECS;5020.0;2
722400;SUBMISSION;BOT_TAKER;EMERALDS;XIRECS;9993.0;3
725700;BOT_TAKER;SUBMISSION;EMERALDS;XIRECS;10007.0;6
727900;BOT_MAKER;BOT_TAKER;TOMATOES;XIRECS;5011.0;3
734200;BOT_TAKER;SUBMISSION;EMERALDS;XIRECS;10007.0;7
737300;BOT;SUBMISSION;TOMATOES;XIRECS;5023.0;4
737800;BOT_TAKER;SUBMISSION;EMERALDS;XIRECS;10007.0;4
737800;BOT_TAKER;BOT_MAKER;EMERALDS;XIRECS;10008.0;2
737800;SUBMISSION;BOT_TAKER;TOMATOES;XIRECS;5017.0;3
737900;SUBMISSION;BOT_TAKER;TOMATOES;XIRECS;5017.0;3
738600;SUBMISSION;BOT;TOMATOES;XIRECS;5019.0;7
739000;BOT_MAKER;BOT_TAKER;TOMATOES;XIRECS;5014.0;3
739700;BOT_TAKER;BOT_MAKER;TOMATOES;XIRECS;5028.0;5
740400;BOT_TAKER;BOT_MAKER;EMERALDS;XIRECS;10008.0;5
743800;BOT_TAKER;BOT_MAKER;EMERALDS;XIRECS;10008.0;8
744000;BOT_MAKER;BOT_TAKER;TOMATOES;XIRECS;5017.0;4
744100;BOT_TAKER;BOT_MAKER;TOMATOES;XIRECS;5030.0;5
745100;SUBMISSION;BOT;TOMATOES;XIRECS;5021.0;10
745200;BOT_TAKER;BOT_MAKER;TOMATOES;XIRECS;5028.0;4
746700;SUBMISSION;BOT;TOMATOES;XIRECS;5019.0;5
748300;BOT_MAKER;BOT_TAKER;TOMATOES;XIRECS;5019.0;2
751800;SUBMISSION;BOT_TAKER;EMERALDS;XIRECS;9993.0;5
752400;SUBMISSION;BOT_TAKER;EMERALDS;XIRECS;9993.0;3
754300;BOT_MAKER;BOT_TAKER;TOMATOES;XIRECS;5021.0;3
757600;BOT_TAKER;SUBMISSION;TOMATOES;XIRECS;5032.0;3
759300;BOT_TAKER;SUBMISSION;TOMATOES;XIRECS;5034.0;5
759400;SUBMISSION;BOT_TAKER;EMERALDS;XIRECS;9993.0;5
759900;SUBMISSION;BOT_TAKER;TOMATOES;XIRECS;5025.0;4
764200;BOT_MAKER;BOT_TAKER;TOMATOES;XIRECS;5023.0;5
764400;BOT_TAKER;SUBMISSION;EMERALDS;XIRECS;10007.0;8
765400;BOT_TAKER;SUBMISSION;EMERALDS;XIRECS;10007.0;5
765400;BOT_TAKER;BOT_MAKER;EMERALDS;XIRECS;10008.0;3
768000;BOT_MAKER;BOT_TAKER;TOMATOES;XIRECS;5021.0;3
768700;BOT_MAKER;BOT_TAKER;TOMATOES;XIRECS;5022.0;4
770500;BOT_MAKER;BOT_TAKER;TOMATOES;XIRECS;5021.0;2
771000;BOT_MAKER;BOT_TAKER;TOMATOES;XIRECS;5021.0;5
771700;BOT_MAKER;BOT_TAKER;TOMATOES;XIRECS;5021.0;4
774800;SUBMISSION;BOT_TAKER;TOMATOES;XIRECS;5014.0;2
775200;SUBMISSION;BOT_TAKER;EMERALDS;XIRECS;9993.0;5
780200;BOT_TAKER;SUBMISSION;TOMATOES;XIRECS;5022.0;5
781800;BOT_TAKER;BOT_MAKER;TOMATOES;XIRECS;5023.0;4
781900;BOT_TAKER;SUBMISSION;EMERALDS;XIRECS;10007.0;5
781900;BOT_TAKER;BOT_MAKER;EMERALDS;XIRECS;10008.0;3
782400;BOT_MAKER;BOT_TAKER;TOMATOES;XIRECS;5011.0;4
783600;BOT_MAKER;BOT_TAKER;TOMATOES;XIRECS;5011.0;4
784100;BOT_TAKER;BOT_MAKER;TOMATOES;XIRECS;5025.0;3
785000;BOT_TAKER;BOT_MAKER;TOMATOES;XIRECS;5025.0;3
785900;BOT_TAKER;BOT_MAKER;EMERALDS;XIRECS;10008.0;8
788500;BOT_TAKER;BOT_MAKER;TOMATOES;XIRECS;5024.0;4
788800;SUBMISSION;BOT_TAKER;EMERALDS;XIRECS;9993.0;5
794700;SUBMISSION;BOT_TAKER;EMERALDS;XIRECS;9993.0;7
796800;SUBMISSION;BOT;TOMATOES;XIRECS;5015.0;6
796800;BOT_TAKER;SUBMISSION;TOMATOES;XIRECS;5018.0;2
797700;BOT_TAKER;SUBMISSION;TOMATOES;XIRECS;5022.0;4
797800;BOT_TAKER;SUBMISSION;EMERALDS;XIRECS;10007.0;8
798000;BOT_TAKER;BOT_MAKER;TOMATOES;XIRECS;5024.0;4
801500;BOT_MAKER;BOT_TAKER;TOMATOES;XIRECS;5013.0;4
807100;SUBMISSION;BOT_TAKER;EMERALDS;XIRECS;9993.0;3
807900;BOT_TAKER;SUBMISSION;EMERALDS;XIRECS;10007.0;4
808600;BOT_TAKER;SUBMISSION;EMERALDS;XIRECS;10007.0;3
808600;BOT_TAKER;BOT_MAKER;EMERALDS;XIRECS;10008.0;5
812300;BOT_TAKER;BOT_MAKER;TOMATOES;XIRECS;5026.0;5
813000;SUBMISSION;BOT_TAKER;EMERALDS;XIRECS;9993.0;5
813200;SUBMISSION;BOT_TAKER;EMERALDS;XIRECS;9993.0;5
814400;SUBMISSION;BOT;TOMATOES;XIRECS;5017.0;8
814500;BOT_MAKER;BOT_TAKER;TOMATOES;XIRECS;5012.0;2
816100;BOT_TAKER;SUBMISSION;EMERALDS;XIRECS;10007.0;8
816600;BOT_TAKER;BOT_MAKER;TOMATOES;XIRECS;5023.0;4
817900;BOT_TAKER;SUBMISSION;EMERALDS;XIRECS;10007.0;2
817900;BOT_TAKER;BOT_MAKER;EMERALDS;XIRECS;10008.0;3
819700;BOT_TAKER;BOT_MAKER;TOMATOES;XIRECS;5023.0;2
819800;BOT_MAKER;BOT_TAKER;TOMATOES;XIRECS;5011.0;2
820400;BOT_TAKER;BOT_MAKER;TOMATOES;XIRECS;5023.0;2
821100;BOT_TAKER;BOT_MAKER;EMERALDS;XIRECS;10008.0;5
822400;BOT_MAKER;BOT_TAKER;TOMATOES;XIRECS;5005.0;4
823300;BOT_MAKER;BOT_TAKER;TOMATOES;XIRECS;5004.0;3
826100;BOT_TAKER;BOT_MAKER;EMERALDS;XIRECS;10008.0;6
826500;SUBMISSION;BOT_TAKER;EMERALDS;XIRECS;9993.0;7
827100;BOT_TAKER;SUBMISSION;EMERALDS;XIRECS;10007.0;7
827100;BOT_TAKER;BOT_MAKER;EMERALDS;XIRECS;10008.0;1
827200;BOT_TAKER;BOT_MAKER;EMERALDS;XIRECS;10008.0;6
830700;BOT_TAKER;BOT_MAKER;EMERALDS;XIRECS;10008.0;8
831400;SUBMISSION;BOT;TOMATOES;XIRECS;4999.0;11
833500;BOT_TAKER;BOT_MAKER;EMERALDS;XIRECS;10008.0;8
835800;BOT_TAKER;BOT_MAKER;TOMATOES;XIRECS;5006.0;5
836000;BOT_MAKER;BOT_TAKER;TOMATOES;XIRECS;4993.0;5
836300;SUBMISSION;BOT;TOMATOES;XIRECS;4998.0;7
836400;BOT_TAKER;BOT_MAKER;TOMATOES;XIRECS;5006.0;4
841900;SUBMISSION;BOT_TAKER;EMERALDS;XIRECS;9993.0;5
842200;BOT_TAKER;BOT_MAKER;TOMATOES;XIRECS;5004.0;5
843300;BOT_TAKER;BOT_MAKER;TOMATOES;XIRECS;5004.0;5
844600;SUBMISSION;BOT;TOMATOES;XIRECS;4997.0;9
844800;BOT_TAKER;SUBMISSION;EMERALDS;XIRECS;10007.0;4
846900;BOT_TAKER;SUBMISSION;EMERALDS;XIRECS;10007.0;1
846900;BOT_TAKER;BOT_MAKER;EMERALDS;XIRECS;10008.0;5
851500;BOT_TAKER;BOT_MAKER;TOMATOES;XIRECS;5001.0;2
853300;BOT_TAKER;BOT_MAKER;TOMATOES;XIRECS;4999.0;2
854800;BOT_TAKER;BOT_MAKER;TOMATOES;XIRECS;5001.0;2
857100;BOT_MAKER;BOT_TAKER;TOMATOES;XIRECS;4989.0;3
859100;BOT_MAKER;BOT_TAKER;TOMATOES;XIRECS;4987.0;4
860400;BOT_MAKER;BOT_TAKER;TOMATOES;XIRECS;4987.0;3
861600;BOT_MAKER;BOT_TAKER;TOMATOES;XIRECS;4987.0;5
863100;BOT_TAKER;BOT_MAKER;TOMATOES;XIRECS;5000.0;4
863200;BOT_TAKER;BOT_MAKER;EMERALDS;XIRECS;10008.0;5
863600;BOT_MAKER;BOT_TAKER;TOMATOES;XIRECS;4987.0;3
864100;BOT_TAKER;BOT_MAKER;EMERALDS;XIRECS;10008.0;6
864500;BOT_MAKER;BOT_TAKER;TOMATOES;XIRECS;4988.0;4
865300;BOT_MAKER;BOT_TAKER;TOMATOES;XIRECS;4984.0;3
865600;BOT_MAKER;BOT_TAKER;TOMATOES;XIRECS;4985.0;4
866500;BOT_TAKER;BOT_MAKER;EMERALDS;XIRECS;10008.0;8
866700;BOT_TAKER;BOT_MAKER;TOMATOES;XIRECS;4996.0;3
870700;BOT_TAKER;BOT_MAKER;TOMATOES;XIRECS;4996.0;2
873800;BOT_MAKER;BOT_TAKER;TOMATOES;XIRECS;4980.0;2
874700;BOT_TAKER;BOT_MAKER;EMERALDS;XIRECS;10008.0;5
875200;BOT_MAKER;BOT_TAKER;TOMATOES;XIRECS;4980.0;5
876400;BOT_TAKER;BOT_MAKER;TOMATOES;XIRECS;4994.0;2
876800;BOT_TAKER;BOT_MAKER;EMERALDS;XIRECS;10008.0;3
882500;BOT_TAKER;BOT_MAKER;TOMATOES;XIRECS;4993.0;2
886800;BOT_MAKER;BOT_TAKER;TOMATOES;XIRECS;4983.0;2
887500;BOT_TAKER;BOT_MAKER;TOMATOES;XIRECS;4999.0;4
889000;BOT_MAKER;BOT_TAKER;TOMATOES;XIRECS;4984.0;4
895700;BOT_TAKER;BOT_MAKER;EMERALDS;XIRECS;10008.0;5
900700;BOT_MAKER;BOT_TAKER;TOMATOES;XIRECS;4988.0;3
901500;SUBMISSION;BOT_TAKER;EMERALDS;XIRECS;9993.0;4
901900;BOT_TAKER;SUBMISSION;EMERALDS;XIRECS;10007.0;3
902200;SUBMISSION;BOT_TAKER;EMERALDS;XIRECS;9993.0;3
902400;BOT_TAKER;BOT_MAKER;TOMATOES;XIRECS;5006.0;4
902500;BOT_MAKER;BOT_TAKER;TOMATOES;XIRECS;4993.0;3
904100;BOT_MAKER;BOT_TAKER;TOMATOES;XIRECS;4992.0;2
904800;BOT_TAKER;SUBMISSION;TOMATOES;XIRECS;5004.0;4
904800;BOT_TAKER;BOT_MAKER;TOMATOES;XIRECS;5006.0;1
907600;BOT_TAKER;SUBMISSION;EMERALDS;XIRECS;10007.0;4
907600;BOT_TAKER;BOT_MAKER;EMERALDS;XIRECS;10008.0;2
907700;BOT_TAKER;BOT_MAKER;TOMATOES;XIRECS;5005.0;3
909500;BOT_MAKER;BOT_TAKER;TOMATOES;XIRECS;4994.0;3
912100;BOT_MAKER;BOT_TAKER;TOMATOES;XIRECS;4997.0;5
913400;BOT_TAKER;BOT_MAKER;EMERALDS;XIRECS;10008.0;6
913500;BOT_TAKER;BOT_MAKER;TOMATOES;XIRECS;5009.0;3
913600;SUBMISSION;BOT;TOMATOES;XIRECS;5001.0;5
914500;BOT_MAKER;BOT_TAKER;TOMATOES;XIRECS;4998.0;3
917300;BOT_MAKER;BOT_TAKER;TOMATOES;XIRECS;5002.0;4
917700;BOT_MAKER;BOT_TAKER;TOMATOES;XIRECS;5001.0;4
918400;BOT_TAKER;BOT_MAKER;EMERALDS;XIRECS;10008.0;4
920700;SUBMISSION;BOT_TAKER;EMERALDS;XIRECS;10001.0;4
921700;BOT_TAKER;SUBMISSION;EMERALDS;XIRECS;10007.0;4
921700;BOT_TAKER;BOT_MAKER;EMERALDS;XIRECS;10008.0;4
922400;BOT_TAKER;BOT_MAKER;TOMATOES;XIRECS;5015.0;2
924500;SUBMISSION;BOT_TAKER;EMERALDS;XIRECS;9993.0;7
926600;SUBMISSION;BOT_TAKER;EMERALDS;XIRECS;9993.0;3
928000;SUBMISSION;BOT_TAKER;EMERALDS;XIRECS;9993.0;4
929000;BOT_TAKER;SUBMISSION;TOMATOES;XIRECS;5011.0;2
932200;SUBMISSION;BOT_TAKER;EMERALDS;XIRECS;9993.0;4
932900;BOT_MAKER;BOT_TAKER;TOMATOES;XIRECS;4999.0;4
935000;BOT_TAKER;SUBMISSION;TOMATOES;XIRECS;5011.0;2
935200;BOT_TAKER;SUBMISSION;TOMATOES;XIRECS;5011.0;5
935700;BOT_MAKER;BOT_TAKER;TOMATOES;XIRECS;5001.0;4
936200;BOT_TAKER;SUBMISSION;EMERALDS;XIRECS;10007.0;4
936700;BOT_MAKER;BOT_TAKER;TOMATOES;XIRECS;4999.0;5
937100;BOT_MAKER;BOT_TAKER;TOMATOES;XIRECS;4999.0;3
938500;BOT_MAKER;BOT_TAKER;TOMATOES;XIRECS;4997.0;4
938900;SUBMISSION;BOT_TAKER;EMERALDS;XIRECS;9993.0;6
939600;SUBMISSION;BOT_TAKER;EMERALDS;XIRECS;9993.0;4
943400;SUBMISSION;BOT_TAKER;EMERALDS;XIRECS;9993.0;4
943600;SUBMISSION;BOT_TAKER;EMERALDS;XIRECS;9993.0;6
944600;SUBMISSION;BOT_TAKER;EMERALDS;XIRECS;9993.0;4
949500;BOT_MAKER;BOT_TAKER;TOMATOES;XIRECS;4982.0;4
949600;BOT_TAKER;SUBMISSION;TOMATOES;XIRECS;4993.0;4
950800;SUBMISSION;BOT_TAKER;EMERALDS;XIRECS;9993.0;7
951000;BOT_MAKER;BOT_TAKER;TOMATOES;XIRECS;4981.0;4
952200;BOT_MAKER;BOT_TAKER;TOMATOES;XIRECS;4980.0;3
952800;BOT_MAKER;BOT_TAKER;TOMATOES;XIRECS;4982.0;5
953400;BOT_TAKER;SUBMISSION;EMERALDS;XIRECS;10007.0;6
959900;BOT_MAKER;BOT_TAKER;TOMATOES;XIRECS;4981.0;2
960200;BOT_MAKER;BOT_TAKER;TOMATOES;XIRECS;4981.0;4
961100;BOT_TAKER;BOT_MAKER;TOMATOES;XIRECS;4997.0;3
963300;BOT_TAKER;SUBMISSION;EMERALDS;XIRECS;10007.0;5
964000;BOT_TAKER;SUBMISSION;EMERALDS;XIRECS;10007.0;5
964700;BOT_TAKER;SUBMISSION;EMERALDS;XIRECS;10007.0;6
964800;BOT_TAKER;SUBMISSION;EMERALDS;XIRECS;10007.0;6
965300;BOT_MAKER;BOT_TAKER;TOMATOES;XIRECS;4980.0;4
965900;SUBMISSION;BOT;TOMATOES;XIRECS;4984.0;11
968100;BOT_TAKER;BOT_MAKER;TOMATOES;XIRECS;4992.0;5
970900;BOT_TAKER;SUBMISSION;EMERALDS;XIRECS;10007.0;4
974500;BOT_MAKER;BOT_TAKER;TOMATOES;XIRECS;4978.0;3
974800;BOT_MAKER;BOT_TAKER;TOMATOES;XIRECS;4977.0;5
982300;BOT_MAKER;BOT_TAKER;TOMATOES;XIRECS;4974.0;2
983500;SUBMISSION;BOT_TAKER;EMERALDS;XIRECS;9993.0;8
985000;SUBMISSION;BOT_TAKER;EMERALDS;XIRECS;9993.0;6
985200;SUBMISSION;BOT;TOMATOES;XIRECS;4986.0;9
985500;BOT_TAKER;BOT_MAKER;TOMATOES;XIRECS;4993.0;2
987000;BOT_MAKER;BOT_TAKER;TOMATOES;XIRECS;4980.0;5
990700;BOT_TAKER;BOT_MAKER;TOMATOES;XIRECS;4993.0;5
990900;BOT_MAKER;BOT_TAKER;TOMATOES;XIRECS;4980.0;4
991800;BOT_MAKER;BOT_TAKER;TOMATOES;XIRECS;4981.0;5
992000;BOT_TAKER;SUBMISSION;TOMATOES;XIRECS;4992.0;5
994000;BOT_MAKER;BOT_TAKER;TOMATOES;XIRECS;4982.0;2
995100;BOT_MAKER;BOT_TAKER;TOMATOES;XIRECS;4982.0;5
995200;BOT_TAKER;BOT_MAKER;TOMATOES;XIRECS;4995.0;3
996600;BOT_MAKER;BOT_TAKER;TOMATOES;XIRECS;4979.0;2
997600;BOT_MAKER;BOT_TAKER;TOMATOES;XIRECS;4982.0;4
997700;SUBMISSION;BOT_TAKER;EMERALDS;XIRECS;9993.0;8
999400;SUBMISSION;BOT;TOMATOES;XIRECS;4990.0;6
999600;BOT_TAKER;SUBMISSION;TOMATOES;XIRECS;4995.0;3
999700;BOT_TAKER;SUBMISSION;EMERALDS;XIRECS;10007.0;5
