timestamp;buyer;seller;symbol;currency;price;quantity
1200;BOT_TAKER;SUBMISSION;EMERALDS;XIRECS;10007.0;7
2000;SUBMISSION;BOT_TAKER;EMERALDS;XIRECS;9993.0;5
3700;BOT_TAKER;BOT_MAKER;TOMATOES;XIRECS;5000.0;4
7700;BOT_TAKER;SUBMISSION;EMERALDS;XIRECS;10007.0;5
8000;SUBMISSION;BOT_TAKER;EMERALDS;XIRECS;9993.0;6
8600;SUBMISSION;BOT_TAKER;TOMATOES;XIRECS;4993.0;3
12900;BOT_MAKER;BOT_TAKER;TOMATOES;XIRECS;4995.0;3
13800;SUBMISSION;BOT_TAKER;TOMATOES;XIRECS;4993.0;2
14500;BOT_TAKER;SUBMISSION;TOMATOES;XIRECS;5004.0;3
14600;BOT_MAKER;BOT_TAKER;TOMATOES;XIRECS;4993.0;3
15300;BOT_MAKER;BOT_TAKER;TOMATOES;XIRECS;4996.0;3
18600;BOT_TAKER;BOT_MAKER;TOMATOES;XIRECS;5009.0;4
22800;BOT_MAKER;BOT_TAKER;TOMATOES;XIRECS;4997.0;2
24800;BOT_MAKER;BOT_TAKER;TOMATOES;XIRECS;4998.0;3
27500;BOT_TAKER;SUBMISSION;EMERALDS;XIRECS;10007.0;3
27900;BOT_TAKER;BOT_MAKER;TOMATOES;XIRECS;5004.0;4
28700;BOT_MAKER;BOT_TAKER;TOMATOES;XIRECS;4995.0;5
29100;BOT_TAKER;SUBMISSION;EMERALDS;XIRECS;10007.0;8
32000;SUBMISSION;BOT_TAKER;EMERALDS;XIRECS;9993.0;5
32600;BOT_TAKER;BOT_MAKER;TOMATOES;XIRECS;5004.0;5
33800;SUBMISSION;BOT_TAKER;EMERALDS;XIRECS;9993.0;7
34400;BOT_MAKER;BOT_TAKER;TOMATOES;XIRECS;4990.0;5
34500;BOT_MAKER;BOT_TAKER;TOMATOES;XIRECS;4991.0;4
36700;BOT_MAKER;BOT_TAKER;TOMATOES;XIRECS;4990.0;5
38100;BOT_TAKER;SUBMISSION;TOMATOES;XIRECS;5001.0;4
39600;BOT_TAKER;SUBMISSION;EMERALDS;XIRECS;10007.0;3
40400;BOT_MAKER;BOT_TAKER;TOMATOES;XIRECS;4988.0;3
42500;SUBMISSION;BOT_TAKER;TOMATOES;XIRECS;4992.0;3
42600;BOT_MAKER;BOT_TAKER;TOMATOES;XIRECS;4990.0;5
45000;BOT_MAKER;BOT_TAKER;TOMATOES;XIRECS;4996.0;4
45300;SUBMISSION;BOT;TOMATOES;XIRECS;5000.0;6
47800;SUBMISSION;BOT;TOMATOES;XIRECS;5001.0;12
48000;BOT_TAKER;SUBMISSION;TOMATOES;XIRECS;5006.0;4
50200;BOT_TAKER;SUBMISSION;TOMATOES;XIRECS;5004.0;2
51300;SUBMISSION;BOT_TAKER;EMERALDS;XIRECS;9993.0;8
54100;BOT_MAKER;BOT_TAKER;TOMATOES;XIRECS;4993.0;3
54200;BOT_MAKER;BOT_TAKER;TOMATOES;XIRECS;4994.0;4
54400;SUBMISSION;BOT_TAKER;EMERALDS;XIRECS;9993.0;7
55200;BOT_TAKER;BOT_MAKER;TOMATOES;XIRECS;5009.0;5
57900;SUBMISSION;BOT_TAKER;EMERALDS;XIRECS;9993.0;5
58800;BOT_TAKER;SUBMISSION;EMERALDS;XIRECS;10007.0;6
60000;BOT_TAKER;BOT_MAKER;TOMATOES;XIRECS;5008.0;3
60900;BOT_TAKER;SUBMISSION;TOMATOES;XIRECS;5009.0;3
63700;BOT_TAKER;SUBMISSION;EMERALDS;XIRECS;10007.0;6
64200;BOT_TAKER;BOT_MAKER;TOMATOES;XIRECS;5009.0;2
64400;SUBMISSION;BOT;TOMATOES;XIRECS;5000.0;8
65400;BOT_TAKER;SUBMISSION;EMERALDS;XIRECS;10007.0;8
65800;SUBMISSION;BOT;TOMATOES;XIRECS;4997.0;5
66400;SUBMISSION;BOT_TAKER;EMERALDS;XIRECS;9993.0;6
66600;BOT_TAKER;SUBMISSION;EMERALDS;XIRECS;10007.0;5
68100;BOT_MAKER;BOT_TAKER;TOMATOES;XIRECS;4992.0;3
69600;SUBMISSION;BOT_TAKER;EMERALDS;XIRECS;9993.0;6
70000;BOT_MAKER;BOT_TAKER;TOMATOES;XIRECS;4989.0;4
71600;BOT_TAKER;SUBMISSION;TOMATOES;XIRECS;5004.0;5
72000;BOT_MAKER;BOT_TAKER;TOMATOES;XIRECS;4992.0;2
72300;BOT_TAKER;BOT_MAKER;TOMATOES;XIRECS;5005.0;5
75800;BOT_MAKER;BOT_TAKER;TOMATOES;XIRECS;4997.0;5
77100;SUBMISSION;BOT_TAKER;EMERALDS;XIRECS;9993.0;7
77700;BOT_MAKER;BOT_TAKER;TOMATOES;XIRECS;4995.0;3
78600;BOT_MAKER;BOT_TAKER;TOMATOES;XIRECS;4995.0;4
78700;BOT_MAKER;BOT_TAKER;TOMATOES;XIRECS;4996.0;4
79200;BOT_TAKER;SUBMISSION;EMERALDS;XIRECS;10007.0;8
80300;BOT_TAKER;BOT_MAKER;TOMATOES;XIRECS;5005.0;2
82300;BOT_MAKER;BOT_TAKER;TOMATOES;XIRECS;4990.0;2
85300;SUBMISSION;BOT_TAKER;EMERALDS;XIRECS;9993.0;5
85400;BOT_MAKER;BOT_TAKER;TOMATOES;XIRECS;4991.0;3
85800;BOT_TAKER;SUBMISSION;TOMATOES;XIRECS;5002.0;3
87000;BOT_TAKER;BOT_MAKER;TOMATOES;XIRECS;5003.0;2
89800;BOT_MAKER;BOT_TAKER;TOMATOES;XIRECS;4986.0;5
90400;BOT_MAKER;BOT_TAKER;TOMATOES;XIRECS;4986.0;3
92200;SUBMISSION;BOT_TAKER;EMERALDS;XIRECS;9993.0;8
93000;BOT_TAKER;BOT_MAKER;TOMATOES;XIRECS;4993.0;2
93400;BOT_TAKER;BOT_MAKER;TOMATOES;XIRECS;4999.0;5
94700;BOT_MAKER;BOT_TAKER;TOMATOES;XIRECS;4987.0;3
95700;BOT_TAKER;SUBMISSION;TOMATOES;XIRECS;4998.0;4
96100;SUBMISSION;BOT;TOMATOES;XIRECS;4992.0;6
97500;BOT_MAKER;BOT_TAKER;TOMATOES;XIRECS;4994.0;3
99000;SUBMISSION;BOT_TAKER;EMERALDS;XIRECS;9993.0;4
101800;BOT_MAKER;BOT_TAKER;TOMATOES;XIRECS;4988.0;4
102600;SUBMISSION;BOT_TAKER;EMERALDS;XIRECS;9993.0;8
104400;BOT_TAKER;BOT_MAKER;TOMATOES;XIRECS;5000.0;3
108000;BOT_MAKER;BOT_TAKER;TOMATOES;XIRECS;4988.0;3
108700;BOT_MAKER;BOT_TAKER;TOMATOES;XIRECS;4989.0;5
110700;BOT_MAKER;BOT_TAKER;TOMATOES;XIRECS;4986.0;2
113500;SUBMISSION;BOT_TAKER;EMERALDS;XIRECS;9993.0;3
114000;SUBMISSION;BOT_TAKER;EMERALDS;XIRECS;9993.0;5
116100;BOT_TAKER;SUBMISSION;EMERALDS;XIRECS;10007.0;4
118200;BOT_MAKER;BOT_TAKER;TOMATOES;XIRECS;4986.0;3
118600;BOT_TAKER;SUBMISSION;EMERALDS;XIRECS;10007.0;4
119800;BOT_TAKER;SUBMISSION;EMERALDS;XIRECS;10007.0;6
122100;BOT_MAKER;BOT_TAKER;TOMATOES;XIRECS;4991.0;3
122900;BOT_TAKER;SUBMISSION;EMERALDS;XIRECS;10007.0;8
124300;BOT_TAKER;SUBMISSION;TOMATOES;XIRECS;5003.0;4
124800;BOT_TAKER;SUBMISSION;TOMATOES;XIRECS;5003.0;2
128000;BOT_TAKER;SUBMISSION;EMERALDS;XIRECS;10007.0;5
129200;BOT_MAKER;BOT_TAKER;TOMATOES;XIRECS;4989.0;3
130100;BOT_TAKER;SUBMISSION;TOMATOES;XIRECS;5001.0;3
130700;BOT_TAKER;SUBMISSION;EMERALDS;XIRECS;10007.0;3
131500;BOT_TAKER;SUBMISSION;TOMATOES;XIRECS;5005.0;4
131600;BOT_TAKER;SUBMISSION;TOMATOES;XIRECS;5005.0;5
132900;BOT_MAKER;BOT_TAKER;TOMATOES;XIRECS;4993.0;3
136900;BOT_TAKER;SUBMISSION;EMERALDS;XIRECS;10007.0;3
138500;BOT_MAKER;BOT_TAKER;TOMATOES;XIRECS;4992.0;3
138600;BOT;SUBMISSION;TOMATOES;XIRECS;4999.0;6
138800;SUBMISSION;BOT;TOMATOES;XIRECS;4997.0;6
139700;BOT_TAKER;BOT_MAKER;TOMATOES;XIRECS;5004.0;2
140200;BOT_MAKER;BOT_TAKER;TOMATOES;XIRECS;4990.0;2
141600;BOT_MAKER;BOT_TAKER;TOMATOES;XIRECS;4994.0;3
141600;SUBMISSION;BOT_TAKER;TOMATOES;XIRECS;4993.0;1
141800;BOT_TAKER;BOT_MAKER;TOMATOES;XIRECS;5004.0;2
142200;SUBMISSION;BOT_TAKER;EMERALDS;XIRECS;10001.0;6
143700;SUBMISSION;BOT;TOMATOES;XIRECS;4992.0;7
143800;SUBMISSION;BOT_TAKER;EMERALDS;XIRECS;9993.0;6
145700;BOT_TAKER;BOT_MAKER;TOMATOES;XIRECS;5000.0;4
146400;BOT_MAKER;BOT_TAKER;TOMATOES;XIRECS;4985.0;4
147900;BOT_TAKER;BOT_MAKER;TOMATOES;XIRECS;4999.0;2
149000;BOT_MAKER;BOT_TAKER;TOMATOES;XIRECS;4985.0;3
151000;SUBMISSION;BOT;TOMATOES;XIRECS;4992.0;10
151900;BOT_TAKER;SUBMISSION;TOMATOES;XIRECS;4997.0;4
152600;BOT_MAKER;BOT_TAKER;TOMATOES;XIRECS;4985.0;3
152700;BOT_TAKER;SUBMISSION;EMERALDS;XIRECS;10007.0;5
152800;BOT_MAKER;BOT_TAKER;TOMATOES;XIRECS;4986.0;2
152900;BOT_TAKER;SUBMISSION;EMERALDS;XIRECS;10007.0;4
155100;BOT_MAKER;BOT_TAKER;TOMATOES;XIRECS;4983.0;3
155900;BOT_TAKER;BOT_MAKER;TOMATOES;XIRECS;4995.0;2
156100;BOT_TAKER;SUBMISSION;EMERALDS;XIRECS;10007.0;7
157100;BOT_TAKER;SUBMISSION;TOMATOES;XIRECS;4994.0;5
158400;BOT_TAKER;BOT_MAKER;TOMATOES;XIRECS;5000.0;5
163500;BOT_TAKER;BOT_MAKER;TOMATOES;XIRECS;4996.0;2
166200;BOT_MAKER;BOT_TAKER;TOMATOES;XIRECS;4978.0;2
169400;SUBMISSION;BOT_TAKER;EMERALDS;XIRECS;9993.0;5
170900;SUBMISSION;BOT_TAKER;EMERALDS;XIRECS;9993.0;5
173500;BOT_TAKER;BOT_MAKER;TOMATOES;XIRECS;4985.0;2
174400;SUBMISSION;BOT_TAKER;EMERALDS;XIRECS;9993.0;5
178000;SUBMISSION;BOT_TAKER;EMERALDS;XIRECS;9993.0;8
178500;BOT_TAKER;BOT_MAKER;TOMATOES;XIRECS;4984.0;5
178600;BOT_TAKER;BOT_MAKER;TOMATOES;XIRECS;4983.0;3
178900;BOT_TAKER;SUBMISSION;EMERALDS;XIRECS;10007.0;4
179400;BOT_TAKER;BOT_MAKER;TOMATOES;XIRECS;4983.0;2
182700;BOT_TAKER;SUBMISSION;EMERALDS;XIRECS;10007.0;4
183200;BOT_MAKER;BOT_TAKER;TOMATOES;XIRECS;4964.0;2
184800;BOT_MAKER;BOT_TAKER;TOMATOES;XIRECS;4964.0;2
188900;BOT_TAKER;SUBMISSION;EMERALDS;XIRECS;10007.0;3
189500;BOT_MAKER;BOT_TAKER;TOMATOES;XIRECS;4965.0;5
190100;SUBMISSION;BOT_TAKER;EMERALDS;XIRECS;9993.0;8
190300;SUBMISSION;BOT;TOMATOES;XIRECS;4971.0;8
192300;BOT_TAKER;BOT_MAKER;TOMATOES;XIRECS;4982.0;4
193400;BOT_MAKER;BOT_TAKER;TOMATOES;XIRECS;4971.0;3
193600;SUBMISSION;BOT_TAKER;EMERALDS;XIRECS;9993.0;6
198900;BOT_TAKER;SUBMISSION;EMERALDS;XIRECS;10007.0;4
199600;BOT_TAKER;SUBMISSION;TOMATOES;XIRECS;4979.0;2
199700;SUBMISSION;BOT_TAKER;EMERALDS;XIRECS;9993.0;5
199700;BOT_TAKER;BOT_MAKER;TOMATOES;XIRECS;4981.0;4
199800;BOT_TAKER;SUBMISSION;TOMATOES;XIRECS;4979.0;5
202100;BOT_TAKER;SUBMISSION;EMERALDS;XIRECS;10007.0;4
204000;SUBMISSION;BOT_TAKER;TOMATOES;XIRECS;4964.0;5
205900;BOT_MAKER;BOT_TAKER;TOMATOES;XIRECS;4963.0;2
205900;BOT_MAKER;BOT_TAKER;TOMATOES;XIRECS;4963.0;3
209000;BOT_TAKER;SUBMISSION;TOMATOES;XIRECS;4973.0;5
212600;SUBMISSION;BOT_TAKER;EMERALDS;XIRECS;9993.0;8
213000;BOT_TAKER;BOT_MAKER;TOMATOES;XIRECS;4972.0;4
213300;BOT_MAKER;BOT_TAKER;TOMATOES;XIRECS;4959.0;2
215600;SUBMISSION;BOT_TAKER;EMERALDS;XIRECS;9993.0;5
217700;SUBMISSION;BOT_TAKER;TOMATOES;XIRECS;4957.0;3
217800;SUBMISSION;BOT;TOMATOES;XIRECS;4961.0;12
218200;SUBMISSION;BOT_TAKER;EMERALDS;XIRECS;9993.0;4
219600;SUBMISSION;BOT;TOMATOES;XIRECS;4962.0;12
220500;BOT;SUBMISSION;TOMATOES;XIRECS;4965.0;6
221100;SUBMISSION;BOT_TAKER;EMERALDS;XIRECS;9993.0;6
221400;BOT_MAKER;BOT_TAKER;TOMATOES;XIRECS;4958.0;2
224700;BOT_MAKER;BOT_TAKER;TOMATOES;XIRECS;4954.0;2
225000;BOT;SUBMISSION;TOMATOES;XIRECS;4963.0;5
227000;BOT_TAKER;BOT_MAKER;TOMATOES;XIRECS;4968.0;5
229800;BOT_TAKER;BOT_MAKER;TOMATOES;XIRECS;4965.0;3
230300;BOT;SUBMISSION;TOMATOES;XIRECS;4965.0;5
232000;SUBMISSION;BOT_TAKER;EMERALDS;XIRECS;9993.0;5
235200;BOT_TAKER;SUBMISSION;TOMATOES;XIRECS;4964.0;3
235700;BOT_TAKER;SUBMISSION;EMERALDS;XIRECS;10007.0;4
236100;BOT_MAKER;BOT_TAKER;TOMATOES;XIRECS;4952.0;3
237000;SUBMISSION;BOT_TAKER;EMERALDS;XIRECS;9993.0;7
239200;SUBMISSION;BOT;TOMATOES;XIRECS;4959.0;11
242600;BOT_MAKER;BOT_TAKER;TOMATOES;XIRECS;4953.0;3
242700;BOT_MAKER;BOT_TAKER;TOMATOES;XIRECS;4953.0;2
243500;BOT_TAKER;SUBMISSION;TOMATOES;XIRECS;4967.0;2
245400;SUBMISSION;BOT_TAKER;EMERALDS;XIRECS;9993.0;4
246700;BOT_MAKER;BOT_TAKER;TOMATOES;XIRECS;4954.0;3
250600;BOT_TAKER;SUBMISSION;TOMATOES;XIRECS;4968.0;3
255500;BOT_TAKER;SUBMISSION;EMERALDS;XIRECS;10007.0;4
255600;BOT_MAKER;BOT_TAKER;TOMATOES;XIRECS;4952.0;5
259800;BOT_MAKER;BOT_TAKER;TOMATOES;XIRECS;4957.0;3
259800;BOT_MAKER;BOT_TAKER;TOMATOES;XIRECS;4953.0;2
261700;BOT_MAKER;BOT_TAKER;TOMATOES;XIRECS;4953.0;2
262800;BOT_TAKER;BOT_MAKER;TOMATOES;XIRECS;4968.0;2
264100;BOT;SUBMISSION;TOMATOES;XIRECS;4962.0;9
266600;BOT_TAKER;SUBMISSION;EMERALDS;XIRECS;10007.0;8
268000;SUBMISSION;BOT;TOMATOES;XIRECS;4960.0;7
268600;BOT_TAKER;BOT_MAKER;TOMATOES;XIRECS;4967.0;2
271600;SUBMISSION;BOT_TAKER;EMERALDS;XIRECS;9993.0;5
272700;BOT_TAKER;SUBMISSION;TOMATOES;XIRECS;4964.0;2
273000;SUBMISSION;BOT_TAKER;EMERALDS;XIRECS;9993.0;5
274400;BOT_TAKER;SUBMISSION;TOMATOES;XIRECS;4965.0;4
280900;BOT_MAKER;BOT_TAKER;TOMATOES;XIRECS;4955.0;5
281700;BOT_TAKER;SUBMISSION;TOMATOES;XIRECS;4966.0;4
283000;BOT_TAKER;SUBMISSION;EMERALDS;XIRECS;10007.0;6
286200;SUBMISSION;BOT;TOMATOES;XIRECS;4961.0;11
287100;SUBMISSION;BOT_TAKER;EMERALDS;XIRECS;9993.0;3
287500;SUBMISSION;BOT_TAKER;EMERALDS;XIRECS;9993.0;5
288200;BOT_MAKER;BOT_TAKER;TOMATOES;XIRECS;4958.0;2
291500;BOT_TAKER;BOT_MAKER;TOMATOES;XIRECS;4975.0;4
293200;BOT_TAKER;SUBMISSION;TOMATOES;XIRECS;4972.0;3
293400;BOT_MAKER;BOT_TAKER;TOMATOES;XIRECS;4960.0;2
293800;SUBMISSION;BOT_TAKER;EMERALDS;XIRECS;9993.0;3
298300;BOT_TAKER;SUBMISSION;EMERALDS;XIRECS;10007.0;8
299600;BOT_TAKER;BOT_MAKER;TOMATOES;XIRECS;4975.0;3
301000;BOT_TAKER;BOT_MAKER;TOMATOES;XIRECS;4974.0;2
301400;BOT_MAKER;BOT_TAKER;TOMATOES;XIRECS;4960.0;2
301500;BOT_TAKER;BOT_MAKER;TOMATOES;XIRECS;4974.0;5
303100;BOT_MAKER;BOT_TAKER;TOMATOES;XIRECS;4958.0;4
303200;BOT_MAKER;BOT_TAKER;TOMATOES;XIRECS;4958.0;2
304200;SUBMISSION;BOT;TOMATOES;XIRECS;4963.0;6
305400;BOT_MAKER;BOT_TAKER;TOMATOES;XIRECS;4958.0;3
306200;BOT_MAKER;BOT_TAKER;TOMATOES;XIRECS;4959.0;3
307500;BOT_MAKER;BOT_TAKER;TOMATOES;XIRECS;4961.0;4
308000;SUBMISSION;BOT_TAKER;EMERALDS;XIRECS;9993.0;6
310600;BOT_MAKER;BOT_TAKER;TOMATOES;XIRECS;4962.0;4
311300;BOT_MAKER;BOT_TAKER;TOMATOES;XIRECS;4963.0;2
315200;SUBMISSION;BOT_TAKER;EMERALDS;XIRECS;9993.0;5
315400;BOT_TAKER;BOT_MAKER;TOMATOES;XIRECS;4974.0;5
319100;SUBMISSION;BOT_TAKER;EMERALDS;XIRECS;9993.0;7
319500;BOT_TAKER;SUBMISSION;EMERALDS;XIRECS;10007.0;5
320600;BOT_TAKER;SUBMISSION;EMERALDS;XIRECS;10007.0;8
320700;BOT_TAKER;SUBMISSION;TOMATOES;XIRECS;4971.0;3
325800;SUBMISSION;BOT_TAKER;EMERALDS;XIRECS;9993.0;6
325800;BOT_MAKER;BOT_TAKER;TOMATOES;XIRECS;4958.0;4
326100;SUBMISSION;BOT_TAKER;EMERALDS;XIRECS;9993.0;5
328100;BOT_MAKER;BOT_TAKER;TOMATOES;XIRECS;4959.0;4
328200;BOT_MAKER;BOT_TAKER;TOMATOES;XIRECS;4959.0;5
330400;BOT_MAKER;BOT_TAKER;TOMATOES;XIRECS;4963.0;3
331500;BOT_MAKER;BOT_TAKER;TOMATOES;XIRECS;4964.0;3
334300;BOT_TAKER;BOT_MAKER;TOMATOES;XIRECS;4980.0;2
335300;BOT_TAKER;SUBMISSION;EMERALDS;XIRECS;10007.0;6
336500;BOT_TAKER;SUBMISSION;TOMATOES;XIRECS;4978.0;2
336600;SUBMISSION;BOT_TAKER;EMERALDS;XIRECS;9993.0;4
337600;SUBMISSION;BOT_TAKER;EMERALDS;XIRECS;9993.0;6
340200;BOT_TAKER;SUBMISSION;TOMATOES;XIRECS;4973.0;4
341100;BOT_MAKER;BOT_TAKER;TOMATOES;XIRECS;4967.0;2
342000;BOT_MAKER;BOT_TAKER;TOMATOES;XIRECS;4964.0;4
342500;BOT_TAKER;SUBMISSION;TOMATOES;XIRECS;4976.0;5
343500;BOT_TAKER;BOT_MAKER;TOMATOES;XIRECS;4978.0;5
344100;SUBMISSION;BOT;TOMATOES;XIRECS;4970.0;8
347700;BOT_TAKER;BOT_MAKER;TOMATOES;XIRECS;4985.0;3
347800;BOT_TAKER;BOT_MAKER;TOMATOES;XIRECS;4985.0;2
348000;BOT_TAKER;BOT_MAKER;TOMATOES;XIRECS;4985.0;2
348200;BOT_MAKER;BOT_TAKER;TOMATOES;XIRECS;4972.0;3
348700;BOT_TAKER;BOT_MAKER;TOMATOES;XIRECS;4983.0;4
349400;BOT_MAKER;BOT_TAKER;TOMATOES;XIRECS;4969.0;2
350700;BOT_MAKER;BOT_TAKER;TOMATOES;XIRECS;4968.0;3
352200;BOT_TAKER;SUBMISSION;TOMATOES;XIRECS;4983.0;2
355800;BOT_TAKER;SUBMISSION;TOMATOES;XIRECS;4983.0;2
356900;SUBMISSION;BOT_TAKER;EMERALDS;XIRECS;9993.0;5
364600;BOT_TAKER;SUBMISSION;TOMATOES;XIRECS;4975.0;4
366000;BOT_MAKER;BOT_TAKER;TOMATOES;XIRECS;4968.0;5
366700;BOT_TAKER;SUBMISSION;EMERALDS;XIRECS;10007.0;4
367200;BOT_TAKER;SUBMISSION;EMERALDS;XIRECS;10007.0;3
367700;BOT_TAKER;SUBMISSION;EMERALDS;XIRECS;10007.0;6
369500;SUBMISSION;BOT_TAKER;EMERALDS;XIRECS;9993.0;6
371300;BOT_TAKER;BOT_MAKER;TOMATOES;XIRECS;4978.0;3
371400;SUBMISSION;BOT;TOMATOES;XIRECS;4970.0;5
371900;SUBMISSION;BOT_TAKER;EMERALDS;XIRECS;9993.0;4
373100;BOT_TAKER;SUBMISSION;EMERALDS;XIRECS;10007.0;7
373600;SUBMISSION;BOT_TAKER;EMERALDS;XIRECS;9993.0;5
381000;BOT_TAKER;BOT_MAKER;TOMATOES;XIRECS;4975.0;5
381600;SUBMISSION;BOT_TAKER;EMERALDS;XIRECS;9993.0;6
385700;BOT_TAKER;SUBMISSION;EMERALDS;XIRECS;10007.0;3
385800;BOT_MAKER;BOT_TAKER;TOMATOES;XIRECS;4963.0;5
388400;BOT_TAKER;BOT_MAKER;TOMATOES;XIRECS;4975.0;2
388800;BOT_TAKER;BOT_MAKER;TOMATOES;XIRECS;4973.0;5
390000;BOT_MAKER;BOT_TAKER;TOMATOES;XIRECS;4965.0;2
390400;SUBMISSION;BOT_TAKER;EMERALDS;XIRECS;9993.0;4
390700;BOT_MAKER;BOT_TAKER;TOMATOES;XIRECS;4958.0;3
391300;BOT_MAKER;BOT_TAKER;TOMATOES;XIRECS;4965.0;2
392400;SUBMISSION;BOT;TOMATOES;XIRECS;4962.0;1
395300;BOT_TAKER;BOT_MAKER;TOMATOES;XIRECS;4967.0;3
398000;SUBMISSION;BOT;TOMATOES;XIRECS;4964.0;1
400000;BOT_TAKER;BOT_MAKER;TOMATOES;XIRECS;4973.0;3
401400;BOT_TAKER;SUBMISSION;TOMATOES;XIRECS;4970.0;5
403400;SUBMISSION;BOT_TAKER;EMERALDS;XIRECS;9993.0;1
403400;BOT_MAKER;BOT_TAKER;EMERALDS;XIRECS;9992.0;3
405500;BOT_TAKER;SUBMISSION;EMERALDS;XIRECS;10007.0;6
406100;SUBMISSION;BOT_TAKER;EMERALDS;XIRECS;9993.0;6
406100;BOT_MAKER;BOT_TAKER;EMERALDS;XIRECS;9992.0;1
408500;BOT_MAKER;BOT_TAKER;TOMATOES;XIRECS;4959.0;3
410200;BOT_MAKER;BOT_TAKER;TOMATOES;XIRECS;4958.0;3
410900;BOT_TAKER;BOT_MAKER;TOMATOES;XIRECS;4971.0;5
411200;BOT_TAKER;SUBMISSION;EMERALDS;XIRECS;10007.0;8
413700;SUBMISSION;BOT_TAKER;EMERALDS;XIRECS;9993.0;5
416200;SUBMISSION;BOT;TOMATOES;XIRECS;4968.0;3
417400;BOT_MAKER;BOT_TAKER;TOMATOES;XIRECS;4962.0;3
417600;BOT_TAKER;BOT_MAKER;TOMATOES;XIRECS;4975.0;4
418100;BOT_TAKER;BOT_MAKER;TOMATOES;XIRECS;4974.0;4
419500;BOT_TAKER;SUBMISSION;EMERALDS;XIRECS;10007.0;6
421200;BOT_MAKER;BOT_TAKER;TOMATOES;XIRECS;4961.0;5
422700;SUBMISSION;BOT;TOMATOES;XIRECS;4964.0;9
423600;BOT_MAKER;BOT_TAKER;TOMATOES;XIRECS;4958.0;3
425600;SUBMISSION;BOT_TAKER;EMERALDS;XIRECS;9993.0;6
426700;BOT_TAKER;BOT_MAKER;TOMATOES;XIRECS;4969.0;5
427400;BOT_MAKER;BOT_TAKER;TOMATOES;XIRECS;4957.0;5
431100;BOT_TAKER;BOT_MAKER;TOMATOES;XIRECS;4963.0;5
431200;BOT_TAKER;BOT_MAKER;TOMATOES;XIRECS;4963.0;2
433400;BOT_MAKER;BOT_TAKER;TOMATOES;XIRECS;4950.0;2
434900;BOT_TAKER;BOT_MAKER;TOMATOES;XIRECS;4961.0;2
435800;BOT_MAKER;BOT_TAKER;TOMATOES;XIRECS;4948.0;5
437400;BOT_MAKER;BOT_TAKER;TOMATOES;XIRECS;4947.0;4
437900;SUBMISSION;BOT_TAKER;EMERALDS;XIRECS;9993.0;3
437900;BOT_MAKER;BOT_TAKER;EMERALDS;XIRECS;9992.0;5
439700;BOT_MAKER;BOT_TAKER;TOMATOES;XIRECS;4946.0;3
440700;BOT_MAKER;BOT_TAKER;TOMATOES;XIRECS;4948.0;3
444400;BOT_MAKER;BOT_TAKER;TOMATOES;XIRECS;4948.0;3
445200;BOT_MAKER;BOT_TAKER;TOMATOES;XIRECS;4949.0;2
447400;BOT_MAKER;BOT_TAKER;TOMATOES;XIRECS;4953.0;4
448800;BOT_MAKER;BOT_TAKER;TOMATOES;XIRECS;4951.0;4
450900;BOT_TAKER;SUBMISSION;EMERALDS;XIRECS;10007.0;4
453300;BOT_TAKER;SUBMISSION;TOMATOES;XIRECS;4970.0;2
453800;BOT_MAKER;BOT_TAKER;TOMATOES;XIRECS;4958.0;2
455800;SUBMISSION;BOT_TAKER;EMERALDS;XIRECS;9993.0;4
457800;BOT_MAKER;BOT_TAKER;TOMATOES;XIRECS;4959.0;3
458100;BOT_TAKER;SUBMISSION;TOMATOES;XIRECS;4970.0;3
459000;BOT_TAKER;BOT_MAKER;TOMATOES;XIRECS;4972.0;4
461000;BOT_TAKER;SUBMISSION;EMERALDS;XIRECS;10007.0;8
462500;BOT;SUBMISSION;TOMATOES;XIRECS;4969.0;10
466300;BOT_TAKER;SUBMISSION;EMERALDS;XIRECS;10007.0;3
466400;BOT_TAKER;BOT_MAKER;TOMATOES;XIRECS;4974.0;5
469300;SUBMISSION;BOT_TAKER;EMERALDS;XIRECS;9993.0;8
470700;BOT_TAKER;BOT_MAKER;TOMATOES;XIRECS;4973.0;5
471400;BOT_MAKER;BOT_TAKER;TOMATOES;XIRECS;4961.0;4
473000;BOT_MAKER;BOT_TAKER;TOMATOES;XIRECS;4960.0;3
473500;BOT_MAKER;BOT_TAKER;TOMATOES;XIRECS;4960.0;4
474200;BOT_TAKER;BOT_MAKER;TOMATOES;XIRECS;4975.0;4
474300;BOT_TAKER;SUBMISSION;EMERALDS;XIRECS;10007.0;3
474700;BOT_TAKER;BOT_MAKER;TOMATOES;XIRECS;4974.0;3
478600;BOT_TAKER;BOT_MAKER;TOMATOES;XIRECS;4969.0;4
478800;BOT_TAKER;BOT_MAKER;TOMATOES;XIRECS;4964.0;4
480300;SUBMISSION;BOT_TAKER;EMERALDS;XIRECS;9993.0;3
481000;BOT_TAKER;BOT_MAKER;TOMATOES;XIRECS;4968.0;2
483100;SUBMISSION;BOT_TAKER;EMERALDS;XIRECS;9993.0;3
483100;BOT_MAKER;BOT_TAKER;EMERALDS;XIRECS;9992.0;2
483200;BOT_MAKER;BOT_TAKER;TOMATOES;XIRECS;4952.0;5
484800;BOT_TAKER;BOT_MAKER;TOMATOES;XIRECS;4964.0;5
485000;BOT_TAKER;BOT_MAKER;TOMATOES;XIRECS;4963.0;2
487600;BOT_MAKER;BOT_TAKER;TOMATOES;XIRECS;4951.0;3
489700;BOT_MAKER;BOT_TAKER;TOMATOES;XIRECS;4953.0;3
490300;BOT;SUBMISSION;TOMATOES;XIRECS;4963.0;7
492500;BOT_MAKER;BOT_TAKER;TOMATOES;XIRECS;4956.0;3
496300;BOT_TAKER;BOT_MAKER;TOMATOES;XIRECS;4969.0;4
500000;BOT_TAKER;SUBMISSION;EMERALDS;XIRECS;10007.0;5
500400;BOT_TAKER;SUBMISSION;EMERALDS;XIRECS;10007.0;8
502600;BOT_TAKER;SUBMISSION;EMERALDS;XIRECS;10007.0;5
504900;BOT_MAKER;BOT_TAKER;TOMATOES;XIRECS;4950.0;5
506600;SUBMISSION;BOT_TAKER;EMERALDS;XIRECS;9993.0;5
509300;BOT_MAKER;BOT_TAKER;TOMATOES;XIRECS;4947.0;3
510600;BOT_TAKER;BOT_MAKER;TOMATOES;XIRECS;4961.0;2
513700;BOT_MAKER;BOT_TAKER;TOMATOES;XIRECS;4948.0;3
515800;SUBMISSION;BOT_TAKER;EMERALDS;XIRECS;9993.0;5
515800;BOT_MAKER;BOT_TAKER;TOMATOES;XIRECS;4946.0;2
519200;BOT_TAKER;SUBMISSION;EMERALDS;XIRECS;10007.0;5
520200;SUBMISSION;BOT_TAKER;TOMATOES;XIRECS;4947.0;4
522100;SUBMISSION;BOT_TAKER;EMERALDS;XIRECS;9993.0;8
523300;BOT_TAKER;BOT_MAKER;TOMATOES;XIRECS;4960.0;2
524700;SUBMISSION;BOT_TAKER;EMERALDS;XIRECS;9993.0;5
524700;BOT_MAKER;BOT_TAKER;EMERALDS;XIRECS;9992.0;1
525700;BOT_TAKER;SUBMISSION;EMERALDS;XIRECS;10007.0;5
525800;BOT_TAKER;BOT_MAKER;TOMATOES;XIRECS;4959.0;3
526300;SUBMISSION;BOT_TAKER;EMERALDS;XIRECS;9993.0;4
526700;SUBMISSION;BOT;TOMATOES;XIRECS;4947.0;1
527400;BOT_MAKER;BOT_TAKER;TOMATOES;XIRECS;4944.0;3
527900;BOT_MAKER;BOT_TAKER;TOMATOES;XIRECS;4944.0;3
530300;BOT_TAKER;BOT_MAKER;TOMATOES;XIRECS;4956.0;2
531800;BOT_TAKER;BOT_MAKER;TOMATOES;XIRECS;4954.0;3
532900;BOT_TAKER;BOT_MAKER;TOMATOES;XIRECS;4954.0;5
541500;BOT_TAKER;BOT_MAKER;TOMATOES;XIRECS;4949.0;3
543000;BOT_MAKER;BOT_TAKER;TOMATOES;XIRECS;4939.0;3
543300;BOT;SUBMISSION;TOMATOES;XIRECS;4948.0;10
544700;BOT_TAKER;SUBMISSION;TOMATOES;XIRECS;4952.0;5
545700;BOT_TAKER;BOT_MAKER;TOMATOES;XIRECS;4954.0;5
546000;BOT_MAKER;BOT_TAKER;TOMATOES;XIRECS;4941.0;2
547500;BOT_MAKER;BOT_TAKER;TOMATOES;XIRECS;4942.0;3
551600;SUBMISSION;BOT_TAKER;TOMATOES;XIRECS;4943.0;1
551600;BOT_MAKER;BOT_TAKER;TOMATOES;XIRECS;4942.0;2
553700;BOT_TAKER;SUBMISSION;TOMATOES;XIRECS;4954.0;5
554100;SUBMISSION;BOT_TAKER;EMERALDS;XIRECS;9993.0;1
554100;BOT_MAKER;BOT_TAKER;EMERALDS;XIRECS;9992.0;4
554100;BOT_MAKER;BOT_TAKER;TOMATOES;XIRECS;4943.0;5
554900;BOT_MAKER;BOT_TAKER;EMERALDS;XIRECS;9992.0;7
558400;BOT_MAKER;BOT_TAKER;TOMATOES;XIRECS;4946.0;5
558600;BOT_MAKER;BOT_TAKER;TOMATOES;XIRECS;4945.0;2
559500;BOT_TAKER;SUBMISSION;EMERALDS;XIRECS;10007.0;3
559600;BOT_TAKER;SUBMISSION;TOMATOES;XIRECS;4960.0;4
561000;SUBMISSION;BOT;TOMATOES;XIRECS;4952.0;3
563200;BOT_TAKER;BOT_MAKER;TOMATOES;XIRECS;4957.0;5
569300;BOT_MAKER;BOT_TAKER;TOMATOES;XIRECS;4940.0;2
571100;SUBMISSION;BOT_TAKER;TOMATOES;XIRECS;4941.0;3
575100;BOT_TAKER;BOT_MAKER;TOMATOES;XIRECS;4947.0;5
581400;BOT_MAKER;BOT_TAKER;TOMATOES;XIRECS;4935.0;5
581900;BOT_TAKER;SUBMISSION;EMERALDS;XIRECS;10007.0;3
582400;BOT_TAKER;BOT_MAKER;TOMATOES;XIRECS;4944.0;5
584800;BOT_MAKER;BOT_TAKER;TOMATOES;XIRECS;4928.0;4
585200;BOT_TAKER;BOT_MAKER;TOMATOES;XIRECS;4942.0;5
586900;SUBMISSION;BOT_TAKER;TOMATOES;XIRECS;4930.0;5
588000;BOT_MAKER;BOT_TAKER;TOMATOES;XIRECS;4929.0;4
591100;SUBMISSION;BOT;TOMATOES;XIRECS;4935.0;6
594400;SUBMISSION;BOT_TAKER;EMERALDS;XIRECS;10001.0;6
594400;BOT_MAKER;BOT_TAKER;EMERALDS;XIRECS;10000.0;1
596300;BOT_TAKER;SUBMISSION;TOMATOES;XIRECS;4946.0;4
602000;BOT_MAKER;BOT_TAKER;TOMATOES;XIRECS;4934.0;2
602700;BOT_MAKER;BOT_TAKER;TOMATOES;XIRECS;4933.0;3
603100;BOT_TAKER;SUBMISSION;EMERALDS;XIRECS;10007.0;8
604300;SUBMISSION;BOT_TAKER;TOMATOES;XIRECS;4935.0;4
604700;BOT_TAKER;SUBMISSION;EMERALDS;XIRECS;10007.0;5
605300;BOT_MAKER;BOT_TAKER;TOMATOES;XIRECS;4935.0;3
606000;SUBMISSION;BOT_TAKER;EMERALDS;XIRECS;9993.0;5
606200;BOT_TAKER;SUBMISSION;TOMATOES;XIRECS;4947.0;5
608400;BOT_TAKER;SUBMISSION;EMERALDS;XIRECS;10007.0;6
609200;SUBMISSION;BOT_TAKER;EMERALDS;XIRECS;10001.0;8
609400;BOT_MAKER;BOT_TAKER;TOMATOES;XIRECS;4932.0;3
609600;BOT_TAKER;BOT_MAKER;TOMATOES;XIRECS;4941.0;3
609600;BOT_TAKER;BOT_MAKER;TOMATOES;XIRECS;4946.0;1
612500;SUBMISSION;BOT_TAKER;TOMATOES;XIRECS;4937.0;5
612800;BOT_TAKER;BOT_MAKER;TOMATOES;XIRECS;4949.0;2
613300;SUBMISSION;BOT_TAKER;TOMATOES;XIRECS;4937.0;4
613700;SUBMISSION;BOT;TOMATOES;XIRECS;4941.0;6
616100;BOT_MAKER;BOT_TAKER;TOMATOES;XIRECS;4932.0;2
617000;SUBMISSION;BOT_TAKER;EMERALDS;XIRECS;9993.0;6
617000;BOT_MAKER;BOT_TAKER;EMERALDS;XIRECS;9992.0;1
617600;BOT_MAKER;BOT_TAKER;EMERALDS;XIRECS;9992.0;6
620000;BOT_TAKER;BOT_MAKER;TOMATOES;XIRECS;4946.0;2
620600;BOT_TAKER;SUBMISSION;EMERALDS;XIRECS;10007.0;6
623000;SUBMISSION;BOT;TOMATOES;XIRECS;4937.0;6
625100;BOT_MAKER;BOT_TAKER;TOMATOES;XIRECS;4933.0;2
625600;SUBMISSION;BOT_TAKER;EMERALDS;XIRECS;9993.0;4
625800;SUBMISSION;BOT_TAKER;TOMATOES;XIRECS;4934.0;2
625800;BOT_MAKER;BOT_TAKER;TOMATOES;XIRECS;4933.0;2
626900;SUBMISSION;BOT_TAKER;EMERALDS;XIRECS;9993.0;2
626900;BOT_MAKER;BOT_TAKER;EMERALDS;XIRECS;9992.0;5
629900;BOT_TAKER;SUBMISSION;TOMATOES;XIRECS;4942.0;5
631100;BOT_MAKER;BOT_TAKER;EMERALDS;XIRECS;10000.0;5
631100;BOT_MAKER;BOT_TAKER;EMERALDS;XIRECS;9992.0;3
631600;BOT_TAKER;SUBMISSION;TOMATOES;XIRECS;4942.0;2
637700;BOT_MAKER;BOT_TAKER;TOMATOES;XIRECS;4925.0;5
641400;BOT_MAKER;BOT_TAKER;EMERALDS;XIRECS;9992.0;6
642300;BOT_TAKER;BOT_MAKER;TOMATOES;XIRECS;4938.0;2
642900;BOT_TAKER;SUBMISSION;TOMATOES;XIRECS;4937.0;4
643200;BOT_TAKER;BOT_MAKER;TOMATOES;XIRECS;4939.0;3
643300;BOT_TAKER;SUBMISSION;EMERALDS;XIRECS;10007.0;7
644600;BOT_MAKER;BOT_TAKER;TOMATOES;XIRECS;4927.0;3
645700;BOT_MAKER;BOT_TAKER;TOMATOES;XIRECS;4928.0;2
646400;BOT_TAKER;BOT_MAKER;TOMATOES;XIRECS;4940.0;2
649700;BOT_MAKER;BOT_TAKER;TOMATOES;XIRECS;4925.0;3
651600;BOT_TAKER;BOT_MAKER;TOMATOES;XIRECS;4939.0;5
653800;BOT_MAKER;BOT_TAKER;TOMATOES;XIRECS;4929.0;3
654400;BOT_TAKER;SUBMISSION;EMERALDS;XIRECS;10007.0;4
659900;BOT_TAKER;SUBMISSION;EMERALDS;XIRECS;10007.0;7
660500;BOT_MAKER;BOT_TAKER;TOMATOES;XIRECS;4933.0;3
661000;BOT_TAKER;BOT_MAKER;TOMATOES;XIRECS;4946.0;4
662400;SUBMISSION;BOT_TAKER;TOMATOES;XIRECS;4931.0;3
662700;BOT_MAKER;BOT_TAKER;TOMATOES;XIRECS;4931.0;5
664300;BOT_TAKER;BOT_MAKER;TOMATOES;XIRECS;4943.0;2
665700;BOT_MAKER;BOT_TAKER;TOMATOES;XIRECS;4932.0;2
666000;BOT_TAKER;SUBMISSION;EMERALDS;XIRECS;10007.0;6
667000;BOT_TAKER;SUBMISSION;EMERALDS;XIRECS;10007.0;5
668400;BOT_TAKER;SUBMISSION;EMERALDS;XIRECS;10007.0;6
670100;SUBMISSION;BOT_TAKER;EMERALDS;XIRECS;9993.0;4
672300;SUBMISSION;BOT;TOMATOES;XIRECS;4937.0;6
672400;BOT;SUBMISSION;TOMATOES;XIRECS;4941.0;11
675500;BOT_TAKER;SUBMISSION;EMERALDS;XIRECS;10007.0;5
678900;BOT_MAKER;BOT_TAKER;TOMATOES;XIRECS;4932.0;2
679000;BOT_TAKER;SUBMISSION;EMERALDS;XIRECS;10007.0;6
681500;BOT_TAKER;BOT_MAKER;TOMATOES;XIRECS;4945.0;3
683400;BOT_MAKER;BOT_TAKER;TOMATOES;XIRECS;4933.0;3
684600;BOT_TAKER;SUBMISSION;TOMATOES;XIRECS;4945.0;3
685700;BOT_TAKER;SUBMISSION;EMERALDS;XIRECS;10007.0;8
688300;BOT_MAKER;BOT_TAKER;TOMATOES;XIRECS;4935.0;4
688500;BOT_TAKER;BOT_MAKER;TOMATOES;XIRECS;4948.0;4
688800;BOT_TAKER;BOT_MAKER;TOMATOES;XIRECS;4946.0;5
692800;BOT_TAKER;SUBMISSION;EMERALDS;XIRECS;10007.0;8
693100;BOT_MAKER;BOT_TAKER;TOMATOES;XIRECS;4936.0;4
693500;SUBMISSION;BOT_TAKER;EMERALDS;XIRECS;9993.0;4
694000;BOT_TAKER;SUBMISSION;EMERALDS;XIRECS;10007.0;6
695600;SUBMISSION;BOT_TAKER;TOMATOES;XIRECS;4931.0;5
695800;BOT_MAKER;BOT_TAKER;TOMATOES;XIRECS;4931.0;4
695900;BOT_MAKER;BOT_TAKER;TOMATOES;XIRECS;4931.0;2
697300;BOT_MAKER;BOT_TAKER;TOMATOES;XIRECS;4930.0;2
697500;SUBMISSION;BOT_TAKER;EMERALDS;XIRECS;9993.0;3
700200;BOT_TAKER;BOT_MAKER;TOMATOES;XIRECS;4945.0;3
700700;SUBMISSION;BOT_TAKER;EMERALDS;XIRECS;9993.0;6
701200;SUBMISSION;BOT_TAKER;TOMATOES;XIRECS;4930.0;5
701300;SUBMISSION;BOT;TOMATOES;XIRECS;4935.0;4
701800;SUBMISSION;BOT_TAKER;EMERALDS;XIRECS;9993.0;7
704900;BOT_MAKER;BOT_TAKER;TOMATOES;XIRECS;4927.0;5
710300;BOT_MAKER;BOT_TAKER;TOMATOES;XIRECS;4931.0;3
713800;BOT_TAKER;SUBMISSION;EMERALDS;XIRECS;10007.0;5
713900;BOT_TAKER;SUBMISSION;TOMATOES;XIRECS;4946.0;4
715400;BOT_TAKER;SUBMISSION;EMERALDS;XIRECS;10007.0;3
718400;BOT_TAKER;SUBMISSION;EMERALDS;XIRECS;10007.0;4
718600;BOT_TAKER;SUBMISSION;TOMATOES;XIRECS;4942.0;2
719800;BOT_MAKER;BOT_TAKER;TOMATOES;XIRECS;4930.0;3
720400;BOT_MAKER;BOT_TAKER;TOMATOES;XIRECS;4930.0;4
725000;BOT_TAKER;SUBMISSION;EMERALDS;XIRECS;10007.0;6
725200;SUBMISSION;BOT_TAKER;EMERALDS;XIRECS;9993.0;3
726200;BOT;SUBMISSION;TOMATOES;XIRECS;4939.0;7
726700;SUBMISSION;BOT;TOMATOES;XIRECS;4937.0;5
728100;SUBMISSION;BOT_TAKER;EMERALDS;XIRECS;9993.0;8
728500;BOT_MAKER;BOT_TAKER;TOMATOES;XIRECS;4936.0;2
729400;BOT_TAKER;BOT_MAKER;TOMATOES;XIRECS;4951.0;4
730600;BOT_MAKER;BOT_TAKER;TOMATOES;XIRECS;4938.0;3
731400;BOT_TAKER;SUBMISSION;EMERALDS;XIRECS;10007.0;5
732400;BOT_MAKER;BOT_TAKER;TOMATOES;XIRECS;4942.0;5
732600;BOT_TAKER;SUBMISSION;EMERALDS;XIRECS;10007.0;8
733400;BOT_TAKER;BOT_MAKER;TOMATOES;XIRECS;4955.0;3
733800;SUBMISSION;BOT;TOMATOES;XIRECS;4947.0;6
734000;BOT_TAKER;SUBMISSION;EMERALDS;XIRECS;10007.0;5
734800;BOT_TAKER;SUBMISSION;TOMATOES;XIRECS;4956.0;5
735500;BOT_TAKER;SUBMISSION;TOMATOES;XIRECS;4956.0;2
736500;BOT_TAKER;BOT_MAKER;TOMATOES;XIRECS;4957.0;4
736700;BOT_MAKER;BOT_TAKER;TOMATOES;XIRECS;4944.0;3
739800;BOT_MAKER;BOT_TAKER;TOMATOES;XIRECS;4944.0;4
740600;SUBMISSION;BOT_TAKER;EMERALDS;XIRECS;10001.0;4
740900;BOT_TAKER;BOT_MAKER;TOMATOES;XIRECS;4956.0;3
748000;BOT_MAKER;BOT_TAKER;TOMATOES;XIRECS;4950.0;3
748000;BOT_MAKER;BOT_TAKER;TOMATOES;XIRECS;4946.0;2
749300;SUBMISSION;BOT_TAKER;EMERALDS;XIRECS;9993.0;5
749800;BOT_MAKER;BOT_TAKER;TOMATOES;XIRECS;4948.0;4
750800;BOT_TAKER;BOT_MAKER;TOMATOES;XIRECS;4961.0;2
751900;SUBMISSION;BOT_TAKER;EMERALDS;XIRECS;9993.0;3
755100;BOT_TAKER;BOT_MAKER;TOMATOES;XIRECS;4963.0;4
757900;BOT_MAKER;BOT_TAKER;TOMATOES;XIRECS;4952.0;3
758100;BOT_MAKER;BOT_TAKER;TOMATOES;XIRECS;4959.0;3
758800;SUBMISSION;BOT_TAKER;EMERALDS;XIRECS;9993.0;3
759800;BOT_TAKER;SUBMISSION;TOMATOES;XIRECS;4962.0;2
761300;SUBMISSION;BOT_TAKER;TOMATOES;XIRECS;4950.0;3
762100;BOT_TAKER;SUBMISSION;TOMATOES;XIRECS;4961.0;2
765200;BOT_TAKER;BOT_MAKER;TOMATOES;XIRECS;4960.0;4
765400;BOT_TAKER;BOT_MAKER;TOMATOES;XIRECS;4959.0;5
766300;BOT_TAKER;SUBMISSION;TOMATOES;XIRECS;4959.0;4
766800;BOT;SUBMISSION;TOMATOES;XIRECS;4956.0;5
767600;BOT_TAKER;SUBMISSION;EMERALDS;XIRECS;10007.0;8
768700;BOT_TAKER;SUBMISSION;EMERALDS;XIRECS;10007.0;5
772700;SUBMISSION;BOT;TOMATOES;XIRECS;4950.0;5
773100;BOT_TAKER;BOT_MAKER;TOMATOES;XIRECS;4957.0;4
773400;SUBMISSION;BOT;TOMATOES;XIRECS;4948.0;7
773900;BOT_MAKER;BOT_TAKER;TOMATOES;XIRECS;4944.0;5
774100;BOT_TAKER;SUBMISSION;EMERALDS;XIRECS;10007.0;5
774300;SUBMISSION;BOT_TAKER;EMERALDS;XIRECS;9993.0;6
774900;BOT_TAKER;BOT_MAKER;TOMATOES;XIRECS;4958.0;4
775400;BOT_MAKER;BOT_TAKER;TOMATOES;XIRECS;4944.0;3
778300;BOT_TAKER;SUBMISSION;TOMATOES;XIRECS;4959.0;3
782500;BOT_MAKER;BOT_TAKER;TOMATOES;XIRECS;4946.0;2
784000;BOT_TAKER;SUBMISSION;EMERALDS;XIRECS;10007.0;7
784200;BOT_MAKER;BOT_TAKER;TOMATOES;XIRECS;4945.0;5
784500;SUBMISSION;BOT;TOMATOES;XIRECS;4950.0;7
785200;BOT_MAKER;BOT_TAKER;TOMATOES;XIRECS;4943.0;2
785500;SUBMISSION;BOT_TAKER;EMERALDS;XIRECS;9993.0;3
786600;BOT;SUBMISSION;TOMATOES;XIRECS;4951.0;6
786700;SUBMISSION;BOT_TAKER;TOMATOES;XIRECS;4943.0;2
789100;SUBMISSION;BOT_TAKER;EMERALDS;XIRECS;9993.0;3
792300;BOT_TAKER;BOT_MAKER;TOMATOES;XIRECS;4954.0;2
798900;BOT_MAKER;BOT_TAKER;TOMATOES;XIRECS;4942.0;2
800100;BOT_TAKER;BOT_MAKER;TOMATOES;XIRECS;4953.0;5
801800;SUBMISSION;BOT_TAKER;EMERALDS;XIRECS;9993.0;4
802300;SUBMISSION;BOT;TOMATOES;XIRECS;4944.0;8
802500;BOT_TAKER;SUBMISSION;TOMATOES;XIRECS;4949.0;4
804700;BOT_TAKER;SUBMISSION;TOMATOES;XIRECS;4949.0;4
806900;BOT_MAKER;BOT_TAKER;TOMATOES;XIRECS;4940.0;5
809300;BOT;SUBMISSION;TOMATOES;XIRECS;4946.0;8
809400;BOT_MAKER;BOT_TAKER;TOMATOES;XIRECS;4944.0;2
810800;BOT_TAKER;SUBMISSION;EMERALDS;XIRECS;10007.0;8
811100;SUBMISSION;BOT_TAKER;TOMATOES;XIRECS;4940.0;4
812800;BOT_MAKER;BOT_TAKER;TOMATOES;XIRECS;4934.0;2
813400;SUBMISSION;BOT_TAKER;TOMATOES;XIRECS;4934.0;5
814300;BOT_TAKER;SUBMISSION;TOMATOES;XIRECS;4944.0;5
816700;BOT_MAKER;BOT_TAKER;TOMATOES;XIRECS;4933.0;5
817000;BOT_TAKER;BOT_MAKER;TOMATOES;XIRECS;4946.0;4
817200;BOT;SUBMISSION;TOMATOES;XIRECS;4941.0;12
821200;BOT_TAKER;BOT_MAKER;TOMATOES;XIRECS;4947.0;2
822300;BOT_TAKER;SUBMISSION;TOMATOES;XIRECS;4948.0;3
822400;BOT_TAKER;BOT_MAKER;TOMATOES;XIRECS;4950.0;5
823500;BOT_TAKER;BOT_MAKER;TOMATOES;XIRECS;4948.0;4
827500;SUBMISSION;BOT_TAKER;EMERALDS;XIRECS;9993.0;6
828600;BOT_TAKER;BOT_MAKER;TOMATOES;XIRECS;4949.0;2
828800;SUBMISSION;BOT_TAKER;EMERALDS;XIRECS;9993.0;6
830300;SUBMISSION;BOT_TAKER;EMERALDS;XIRECS;9993.0;7
831300;BOT_TAKER;BOT_MAKER;TOMATOES;XIRECS;4945.0;3
831700;SUBMISSION;BOT_TAKER;EMERALDS;XIRECS;9993.0;7
832200;BOT_TAKER;SUBMISSION;EMERALDS;XIRECS;10007.0;7
833700;SUBMISSION;BOT;TOMATOES;XIRECS;4933.0;10
838800;BOT_MAKER;BOT_TAKER;TOMATOES;XIRECS;4935.0;4
841000;BOT_TAKER;BOT_MAKER;TOMATOES;XIRECS;4950.0;3
841100;BOT_MAKER;BOT_TAKER;TOMATOES;XIRECS;4937.0;2
841400;BOT_TAKER;SUBMISSION;TOMATOES;XIRECS;4949.0;5
844100;SUBMISSION;BOT_TAKER;EMERALDS;XIRECS;9993.0;3
845300;BOT_TAKER;BOT_MAKER;TOMATOES;XIRECS;4954.0;4
846200;BOT_MAKER;BOT_TAKER;TOMATOES;XIRECS;4943.0;3
848000;BOT_MAKER;BOT_TAKER;TOMATOES;XIRECS;4949.0;5
849700;BOT_MAKER;BOT_TAKER;TOMATOES;XIRECS;4940.0;4
853100;BOT_TAKER;BOT_MAKER;TOMATOES;XIRECS;4955.0;2
853600;BOT_MAKER;BOT_TAKER;TOMATOES;XIRECS;4943.0;4
857000;SUBMISSION;BOT_TAKER;EMERALDS;XIRECS;9993.0;3
857300;BOT_TAKER;BOT_MAKER;TOMATOES;XIRECS;4954.0;3
864100;BOT_TAKER;SUBMISSION;TOMATOES;XIRECS;4949.0;4
864900;BOT_TAKER;BOT_MAKER;TOMATOES;XIRECS;4951.0;5
865700;BOT_TAKER;BOT_MAKER;TOMATOES;XIRECS;4949.0;4
868100;BOT_TAKER;BOT_MAKER;TOMATOES;XIRECS;4952.0;2
868900;BOT;SUBMISSION;TOMATOES;XIRECS;4948.0;7
869300;SUBMISSION;BOT_TAKER;EMERALDS;XIRECS;9993.0;5
869400;SUBMISSION;BOT;TOMATOES;XIRECS;4945.0;11
870100;BOT_TAKER;BOT_MAKER;TOMATOES;XIRECS;4953.0;4
873300;BOT_MAKER;BOT_TAKER;TOMATOES;XIRECS;4935.0;3
875200;BOT_TAKER;SUBMISSION;TOMATOES;XIRECS;4948.0;5
875700;BOT_TAKER;SUBMISSION;TOMATOES;XIRECS;4949.0;3
877100;SUBMISSION;BOT_TAKER;EMERALDS;XIRECS;9993.0;5
877400;BOT_TAKER;BOT_MAKER;TOMATOES;XIRECS;4948.0;4
880100;BOT_MAKER;BOT_TAKER;TOMATOES;XIRECS;4934.0;3
881700;SUBMISSION;BOT_TAKER;TOMATOES;XIRECS;4938.0;3
881800;BOT_TAKER;BOT_MAKER;TOMATOES;XIRECS;4950.0;5
882000;BOT_TAKER;BOT_MAKER;TOMATOES;XIRECS;4949.0;4
882500;BOT_TAKER;BOT_MAKER;TOMATOES;XIRECS;4948.0;5
883900;SUBMISSION;BOT_TAKER;EMERALDS;XIRECS;9993.0;5
887200;SUBMISSION;BOT_TAKER;EMERALDS;XIRECS;9993.0;5
888700;BOT_TAKER;SUBMISSION;TOMATOES;XIRECS;4952.0;4
888800;BOT;SUBMISSION;TOMATOES;XIRECS;4947.0;7
892600;SUBMISSION;BOT_TAKER;TOMATOES;XIRECS;4943.0;4
892900;BOT_TAKER;SUBMISSION;EMERALDS;XIRECS;10007.0;7
893600;SUBMISSION;BOT_TAKER;EMERALDS;XIRECS;9993.0;7
895600;BOT_TAKER;SUBMISSION;EMERALDS;XIRECS;10007.0;7
895600;BOT_MAKER;BOT_TAKER;TOMATOES;XIRECS;4948.0;3
897700;BOT_TAKER;BOT_MAKER;TOMATOES;XIRECS;4960.0;4
898700;SUBMISSION;BOT_TAKER;TOMATOES;XIRECS;4949.0;4
898800;SUBMISSION;BOT_TAKER;TOMATOES;XIRECS;4949.0;4
900600;BOT_TAKER;BOT_MAKER;TOMATOES;XIRECS;4960.0;2
901200;BOT_MAKER;BOT_TAKER;TOMATOES;XIRECS;4947.0;4
901600;BOT_MAKER;BOT_TAKER;TOMATOES;XIRECS;4945.0;5
903600;SUBMISSION;BOT;TOMATOES;XIRECS;4947.0;9
904600;SUBMISSION;BOT;TOMATOES;XIRECS;4947.0;7
906100;BOT_MAKER;BOT_TAKER;TOMATOES;XIRECS;4941.0;3
908200;BOT_MAKER;BOT_TAKER;TOMATOES;XIRECS;4944.0;5
909000;BOT;SUBMISSION;TOMATOES;XIRECS;4953.0;5
909700;SUBMISSION;BOT_TAKER;EMERALDS;XIRECS;9993.0;3
911400;BOT_MAKER;BOT_TAKER;TOMATOES;XIRECS;4946.0;3
911800;BOT_MAKER;BOT_TAKER;TOMATOES;XIRECS;4945.0;4
913800;BOT_TAKER;BOT_MAKER;TOMATOES;XIRECS;4958.0;4
915400;SUBMISSION;BOT_TAKER;TOMATOES;XIRECS;4942.0;3
917700;SUBMISSION;BOT;TOMATOES;XIRECS;4945.0;7
917800;BOT_TAKER;SUBMISSION;EMERALDS;XIRECS;10007.0;5
918200;BOT_TAKER;BOT_MAKER;TOMATOES;XIRECS;4953.0;4
919700;SUBMISSION;BOT_TAKER;EMERALDS;XIRECS;9993.0;7
921400;BOT_TAKER;BOT_MAKER;TOMATOES;XIRECS;4956.0;3
922700;BOT_MAKER;BOT_TAKER;TOMATOES;XIRECS;4949.0;2
922900;BOT_TAKER;SUBMISSION;EMERALDS;XIRECS;10007.0;4
923400;BOT_TAKER;SUBMISSION;TOMATOES;XIRECS;4957.0;5
924800;BOT_MAKER;BOT_TAKER;TOMATOES;XIRECS;4944.0;2
925000;BOT_TAKER;SUBMISSION;EMERALDS;XIRECS;10007.0;4
927900;BOT_MAKER;BOT_TAKER;TOMATOES;XIRECS;4949.0;5
928100;BOT_TAKER;BOT_MAKER;TOMATOES;XIRECS;4962.0;4
932400;BOT_TAKER;SUBMISSION;EMERALDS;XIRECS;10007.0;3
934700;BOT_MAKER;BOT_TAKER;TOMATOES;XIRECS;4951.0;3
936200;SUBMISSION;BOT_TAKER;EMERALDS;XIRECS;9993.0;3
937100;BOT_TAKER;SUBMISSION;EMERALDS;XIRECS;10007.0;3
938300;SUBMISSION;BOT_TAKER;EMERALDS;XIRECS;9993.0;3
938700;BOT_TAKER;SUBMISSION;TOMATOES;XIRECS;4965.0;2
939100;BOT_TAKER;SUBMISSION;TOMATOES;XIRECS;4964.0;5
939800;BOT_TAKER;BOT_MAKER;TOMATOES;XIRECS;4966.0;2
940200;SUBMISSION;BOT_TAKER;TOMATOES;XIRECS;4953.0;5
940600;BOT_MAKER;BOT_TAKER;TOMATOES;XIRECS;4953.0;3
940800;SUBMISSION;BOT_TAKER;EMERALDS;XIRECS;9993.0;5
945500;SUBMISSION;BOT;TOMATOES;XIRECS;4966.0;12
947500;BOT_TAKER;BOT_MAKER;TOMATOES;XIRECS;4970.0;4
948100;BOT_TAKER;SUBMISSION;EMERALDS;XIRECS;10007.0;8
953200;BOT_TAKER;SUBMISSION;TOMATOES;XIRECS;4963.0;5
956200;BOT;SUBMISSION;TOMATOES;XIRECS;4965.0;6
957800;BOT_TAKER;BOT_MAKER;TOMATOES;XIRECS;4971.0;2
960100;BOT_TAKER;BOT_MAKER;TOMATOES;XIRECS;4969.0;2
963100;BOT_TAKER;BOT_MAKER;TOMATOES;XIRECS;4969.0;2
964600;BOT_TAKER;BOT_MAKER;TOMATOES;XIRECS;4970.0;2
965200;BOT_TAKER;SUBMISSION;EMERALDS;XIRECS;10007.0;5
968700;SUBMISSION;BOT_TAKER;TOMATOES;XIRECS;4957.0;4
969500;SUBMISSION;BOT_TAKER;EMERALDS;XIRECS;9993.0;8
970400;BOT_MAKER;BOT_TAKER;TOMATOES;XIRECS;4955.0;4
974300;SUBMISSION;BOT;TOMATOES;XIRECS;4961.0;5
974700;BOT_TAKER;BOT_MAKER;TOMATOES;XIRECS;4969.0;3
975600;BOT_TAKER;SUBMISSION;TOMATOES;XIRECS;4970.0;2
977100;BOT_TAKER;SUBMISSION;EMERALDS;XIRECS;10007.0;6
977100;BOT_MAKER;BOT_TAKER;TOMATOES;XIRECS;4955.0;5
979000;BOT_TAKER;SUBMISSION;TOMATOES;XIRECS;4972.0;5
980400;BOT_TAKER;SUBMISSION;EMERALDS;XIRECS;10007.0;3
981000;BOT_MAKER;BOT_TAKER;TOMATOES;XIRECS;4959.0;3
982200;SUBMISSION;BOT_TAKER;EMERALDS;XIRECS;9993.0;6
982600;BOT_TAKER;SUBMISSION;EMERALDS;XIRECS;10007.0;5
984600;BOT_MAKER;BOT_TAKER;TOMATOES;XIRECS;4963.0;4
986500;BOT_TAKER;BOT_MAKER;TOMATOES;XIRECS;4975.0;5
986600;SUBMISSION;BOT_TAKER;TOMATOES;XIRECS;4964.0;4
987200;BOT_TAKER;SUBMISSION;EMERALDS;XIRECS;10007.0;6
987500;BOT_MAKER;BOT_TAKER;TOMATOES;XIRECS;4963.0;4
987800;BOT_TAKER;BOT_MAKER;TOMATOES;XIRECS;4977.0;4
988000;BOT_TAKER;BOT_MAKER;TOMATOES;XIRECS;4977.0;4
988500;SUBMISSION;BOT_TAKER;EMERALDS;XIRECS;9993.0;5
989100;BOT_MAKER;BOT_TAKER;TOMATOES;XIRECS;4963.0;2
993600;BOT_MAKER;BOT_TAKER;TOMATOES;XIRECS;4964.0;3
994100;SUBMISSION;BOT_TAKER;EMERALDS;XIRECS;9993.0;4
